timestamp,product,bid_price_1,bid_volume_1,bid_price_2,bid_volume_2,bid_price_3,bid_volume_3,ask_price_1,ask_volume_1,ask_price_2,ask_volume_2,ask_price_3,ask_volume_3,mid_price,profit_and_loss
0,PRODUCT_A,9998,8,9997,15,9996,18,10000,8,10001,15,10002,18,9999.57,0
0,PRODUCT_B,4999,8,4998,9,4997,5,5001,8,5002,9,5003,5,5000.0,0
0,X,1499,23,1498,30,1497,17,1500,23,1501,30,1502,17,1500.0,0
0,Y,799,20,798,23,797,6,800,20,801,23,802,6,800.0,0
0,Z,2999,14,2998,10,2997,9,3001,14,3002,10,3003,9,3000.0,0
0,PRODUCT_C,14178,26,14177,19,14176,7,14181,26,14182,19,14183,7,14180.0,0
0,PRODUCT_D,9998,25,9997,7,9996,12,10001,25,10002,7,10003,12,10000.0,0
0,PRODUCT_D_OPTION,526,11,525,9,524,10,528,11,529,9,530,10,527.88,0
0,PRODUCT_E,1999,15,1998,19,1997,9,2001,15,2002,19,2003,9,2000.0,0
100,PRODUCT_A,9998,15,9997,14,9996,16,10000,15,10001,14,10002,16,9999.48,0
100,PRODUCT_B,5001,18,5000,6,4999,17,5003,18,5004,6,5005,17,5002.47,0
100,X,1500,12,1499,11,1498,24,1501,12,1502,11,1503,24,1501.15,0
100,Y,800,24,799,7,798,9,801,24,802,7,803,9,801.38,0
100,Z,2998,23,2997,25,2996,20,3000,23,3001,25,3002,20,2999.72,0
100,PRODUCT_C,14171,8,14170,30,14169,5,14174,8,14175,30,14176,5,14172.77,0
100,PRODUCT_D,9999,9,9998,14,9997,22,10002,9,10003,14,10004,22,10000.63,0
100,PRODUCT_D_OPTION,537,7,536,20,535,8,539,7,540,20,541,8,538.45,0
100,PRODUCT_E,2005,19,2004,15,2003,10,2007,19,2008,15,2009,10,2006.65,0
200,PRODUCT_A,9998,14,9997,10,9996,7,10000,14,10001,10,10002,7,9999.67,0
200,PRODUCT_B,5003,13,5002,16,5001,16,5005,13,5006,16,5007,16,5004.25,0
200,X,1502,7,1501,7,1500,10,1503,7,1504,7,1505,10,1502.52,0
200,Y,801,27,800,29,799,19,802,27,803,29,804,19,802.4,0
200,Z,2999,13,2998,20,2997,13,3001,13,3002,20,3003,13,3000.1,0
200,PRODUCT_C,14229,29,14228,19,14227,25,14232,29,14233,19,14234,25,14231.36,0
200,PRODUCT_D,9999,9,9998,8,9997,23,10002,9,10003,8,10004,23,10001.41,0
200,PRODUCT_D_OPTION,485,20,484,6,483,16,487,20,488,6,489,16,486.47,0
200,PRODUCT_E,2000,14,1999,17,1998,18,2002,14,2003,17,2004,18,2001.41,0
300,PRODUCT_A,10001,9,10000,19,9999,16,10003,9,10004,19,10005,16,10002.11,0
300,PRODUCT_B,4997,15,4996,16,4995,7,4999,15,5000,16,5001,7,4998.94,0
300,X,1503,26,1502,18,1501,21,1504,26,1505,18,1506,21,1504.24,0
300,Y,803,19,802,13,801,26,804,19,805,13,806,26,803.83,0
300,Z,2997,6,2996,24,2995,25,2999,6,3000,24,3001,25,2998.36,0
300,PRODUCT_C,14278,6,14277,28,14276,30,14281,6,14282,28,14283,30,14279.79,0
300,PRODUCT_D,9999,12,9998,22,9997,5,10002,12,10003,22,10004,5,10000.66,0
300,PRODUCT_D_OPTION,461,9,460,8,459,14,463,9,464,8,465,14,462.81,0
300,PRODUCT_E,2002,17,2001,10,2000,17,2004,17,2005,10,2006,17,2003.09,0
400,PRODUCT_A,9998,7,9997,12,9996,17,10000,7,10001,12,10002,17,9999.62,0
400,PRODUCT_B,4996,19,4995,7,4994,16,4998,19,4999,7,5000,16,4997.42,0
400,X,1503,19,1502,19,1501,25,1504,19,1505,19,1506,25,1504.47,0
400,Y,801,22,800,19,799,8,802,22,803,19,804,8,802.19,0
400,Z,2998,7,2997,10,2996,8,3000,7,3001,10,3002,8,2999.63,0
400,PRODUCT_C,14263,17,14262,29,14261,18,14266,17,14267,29,14268,18,14264.82,0
400,PRODUCT_D,9999,11,9998,17,9997,15,10002,11,10003,17,10004,15,10001.49,0
400,PRODUCT_D_OPTION,418,7,417,15,416,15,420,7,421,15,422,15,419.67,0
400,PRODUCT_E,2002,20,2001,11,2000,20,2004,20,2005,11,2006,20,2003.5,0
500,PRODUCT_A,9994,8,9993,13,9992,19,9996,8,9997,13,9998,19,9995.51,0
500,PRODUCT_B,4995,6,4994,9,4993,20,4997,6,4998,9,4999,20,4996.15,0
500,X,1505,9,1504,25,1503,11,1506,9,1507,25,1508,11,1505.72,0
500,Y,801,15,800,23,799,6,802,15,803,23,804,6,801.84,0
500,Z,2999,24,2998,17,2997,6,3001,24,3002,17,3003,6,3000.79,0
500,PRODUCT_C,14297,30,14296,16,14295,30,14300,30,14301,16,14302,30,14298.77,0
500,PRODUCT_D,10001,18,10000,20,9999,11,10004,18,10005,20,10006,11,10002.85,0
500,PRODUCT_D_OPTION,399,6,398,11,397,5,401,6,402,11,403,5,400.32,0
500,PRODUCT_E,2003,18,2002,13,2001,13,2005,18,2006,13,2007,13,2004.46,0
600,PRODUCT_A,9999,10,9998,7,9997,9,10001,10,10002,7,10003,9,10001.0,0
600,PRODUCT_B,4996,7,4995,13,4994,17,4998,7,4999,13,5000,17,4997.71,0
600,X,1508,7,1507,14,1506,27,1509,7,1510,14,1511,27,1509.11,0
600,Y,800,19,799,18,798,21,801,19,802,18,803,21,801.02,0
600,Z,3001,11,3000,13,2999,10,3003,11,3004,13,3005,10,3002.19,0
600,PRODUCT_C,14336,6,14335,7,14334,18,14339,6,14340,7,14341,18,14337.8,0
600,PRODUCT_D,9997,15,9996,14,9995,10,10000,15,10001,14,10002,10,9999.0,0
600,PRODUCT_D_OPTION,399,11,398,16,397,18,401,11,402,16,403,18,400.65,0
600,PRODUCT_E,2005,20,2004,20,2003,10,2007,20,2008,20,2009,10,2006.54,0
700,PRODUCT_A,9998,18,9997,16,9996,17,10000,18,10001,16,10002,17,9999.2,0
700,PRODUCT_B,4997,5,4996,11,4995,7,4999,5,5000,11,5001,7,4998.09,0
700,X,1509,28,1508,26,1507,23,1510,28,1511,26,1512,23,1510.48,0
700,Y,803,24,802,9,801,15,804,24,805,9,806,15,803.61,0
700,Z,3002,15,3001,5,3000,9,3004,15,3005,5,3006,9,3003.68,0
700,PRODUCT_C,14291,19,14290,9,14289,20,14294,19,14295,9,14296,20,14292.9,0
700,PRODUCT_D,9999,15,9998,8,9997,18,10002,15,10003,8,10004,18,10001.13,0
700,PRODUCT_D_OPTION,385,13,384,5,383,19,387,13,388,5,389,19,386.76,0
700,PRODUCT_E,2010,9,2009,19,2008,8,2012,9,2013,19,2014,8,2011.15,0
800,PRODUCT_A,9998,6,9997,11,9996,11,10000,6,10001,11,10002,11,9999.35,0
800,PRODUCT_B,4998,18,4997,10,4996,17,5000,18,5001,10,5002,17,4999.04,0
800,X,1512,11,1511,16,1510,11,1513,11,1514,16,1515,11,1512.88,0
800,Y,804,11,803,26,802,23,805,11,806,26,807,23,804.91,0
800,Z,3004,5,3003,16,3002,16,3006,5,3007,16,3008,16,3005.17,0
800,PRODUCT_C,14298,5,14297,14,14296,14,14301,5,14302,14,14303,14,14300.24,0
800,PRODUCT_D,9998,21,9997,8,9996,20,10001,21,10002,8,10003,20,10000.11,0
800,PRODUCT_D_OPTION,428,19,427,18,426,18,430,19,431,18,432,18,429.98,0
800,PRODUCT_E,2009,16,2008,16,2007,18,2011,16,2012,16,2013,18,2010.77,0
900,PRODUCT_A,9999,15,9998,8,9997,10,10001,15,10002,8,10003,10,10000.35,0
900,PRODUCT_B,4999,19,4998,18,4997,16,5001,19,5002,18,5003,16,5000.31,0
900,X,1510,10,1509,22,1508,24,1511,10,1512,22,1513,24,1510.61,0
900,Y,804,10,803,22,802,18,805,10,806,22,807,18,804.54,0
900,Z,3001,17,3000,14,2999,18,3003,17,3004,14,3005,18,3002.35,0
900,PRODUCT_C,14256,25,14255,14,14254,27,14259,25,14260,14,14261,27,14257.58,0
900,PRODUCT_D,9999,24,9998,8,9997,7,10002,24,10003,8,10004,7,10001.41,0
900,PRODUCT_D_OPTION,446,8,445,7,444,5,448,8,449,7,450,5,447.78,0
900,PRODUCT_E,2016,18,2015,8,2014,20,2018,18,2019,8,2020,20,2017.23,0
1000,PRODUCT_A,9999,8,9998,19,9997,6,10001,8,10002,19,10003,6,10000.7,0
1000,PRODUCT_B,4997,14,4996,18,4995,11,4999,14,5000,18,5001,11,4998.51,0
1000,X,1509,12,1508,29,1507,19,1510,12,1511,29,1512,19,1509.5,0
1000,Y,805,22,804,17,803,8,806,22,807,17,808,8,805.8,0
1000,Z,3001,11,3000,20,2999,8,3003,11,3004,20,3005,8,3002.68,0
1000,PRODUCT_C,14260,16,14259,30,14258,19,14263,16,14264,30,14265,19,14261.67,0
1000,PRODUCT_D,9995,18,9994,25,9993,17,9998,18,9999,25,10000,17,9996.8,0
1000,PRODUCT_D_OPTION,419,5,418,16,417,12,421,5,422,16,423,12,420.56,0
1000,PRODUCT_E,2012,14,2011,13,2010,13,2014,14,2015,13,2016,13,2013.69,0
1100,PRODUCT_A,10002,14,10001,18,10000,12,10004,14,10005,18,10006,12,10003.49,0
1100,PRODUCT_B,4996,5,4995,18,4994,6,4998,5,4999,18,5000,6,4997.02,0
1100,X,1507,5,1506,5,1505,9,1508,5,1509,5,1510,9,1508.37,0
1100,Y,805,30,804,16,803,21,806,30,807,16,808,21,806.37,0
1100,Z,2999,24,2998,15,2997,15,3001,24,3002,15,3003,15,3000.54,0
1100,PRODUCT_C,14207,10,14206,23,14205,18,14210,10,14211,23,14212,18,14209.23,0
1100,PRODUCT_D,9994,12,9993,22,9992,17,9997,12,9998,22,9999,17,9995.93,0
1100,PRODUCT_D_OPTION,464,11,463,17,462,6,466,11,467,17,468,6,465.46,0
1100,PRODUCT_E,2014,18,2013,9,2012,17,2016,18,2017,9,2018,17,2015.98,0
1200,PRODUCT_A,10000,10,9999,17,9998,15,10002,10,10003,17,10004,15,10001.97,0
1200,PRODUCT_B,4993,10,4992,18,4991,12,4995,10,4996,18,4997,12,4994.57,0
1200,X,1503,8,1502,27,1501,30,1504,8,1505,27,1506,30,1504.36,0
1200,Y,805,9,804,21,803,8,806,9,807,21,808,8,806.19,0
1200,Z,2998,25,2997,23,2996,17,3000,25,3001,23,3002,17,2999.11,0
1200,PRODUCT_C,14153,29,14152,25,14151,13,14156,29,14157,25,14158,13,14155.12,0
1200,PRODUCT_D,9991,22,9990,10,9989,15,9994,22,9995,10,9996,15,9992.53,0
1200,PRODUCT_D_OPTION,493,11,492,7,491,7,495,11,496,7,497,7,494.41,0
1200,PRODUCT_E,2010,5,2009,18,2008,5,2012,5,2013,18,2014,5,2011.69,0
1300,PRODUCT_A,9999,9,9998,5,9997,7,10001,9,10002,5,10003,7,10000.33,0
1300,PRODUCT_B,4993,17,4992,5,4991,9,4995,17,4996,5,4997,9,4994.23,0
1300,X,1503,19,1502,25,1501,25,1504,19,1505,25,1506,25,1504.47,0
1300,Y,806,29,805,16,804,10,807,29,808,16,809,10,806.89,0
1300,Z,2997,12,2996,25,2995,12,2999,12,3000,25,3001,12,2998.91,0
1300,PRODUCT_C,14168,14,14167,11,14166,22,14171,14,14172,11,14173,22,14169.65,0
1300,PRODUCT_D,9990,12,9989,17,9988,13,9993,12,9994,17,9995,13,9992.24,0
1300,PRODUCT_D_OPTION,499,6,498,13,497,7,501,6,502,13,503,7,500.32,0
1300,PRODUCT_E,2006,9,2005,5,2004,8,2008,9,2009,5,2010,8,2007.43,0
1400,PRODUCT_A,9996,8,9995,19,9994,8,9998,8,9999,19,10000,8,9997.79,0
1400,PRODUCT_B,4992,8,4991,9,4990,14,4994,8,4995,9,4996,14,4993.99,0
1400,X,1506,13,1505,10,1504,7,1507,13,1508,10,1509,7,1506.56,0
1400,Y,807,7,806,20,805,16,808,7,809,20,810,16,808.17,0
1400,Z,2999,11,2998,17,2997,8,3001,11,3002,17,3003,8,3000.69,0
1400,PRODUCT_C,14192,20,14191,30,14190,5,14195,20,14196,30,14197,5,14193.99,0
1400,PRODUCT_D,9991,18,9990,7,9989,20,9994,18,9995,7,9996,20,9992.6,0
1400,PRODUCT_D_OPTION,487,7,486,11,485,18,489,7,490,11,491,18,488.27,0
1400,PRODUCT_E,2007,17,2006,15,2005,19,2009,17,2010,15,2011,19,2008.69,0
1500,PRODUCT_A,9995,10,9994,10,9993,14,9997,10,9998,10,9999,14,9996.96,0
1500,PRODUCT_B,4993,5,4992,10,4991,6,4995,5,4996,10,4997,6,4994.34,0
1500,X,1505,8,1504,15,1503,16,1506,8,1507,15,1508,16,1505.76,0
1500,Y,807,20,806,24,805,24,808,20,809,24,810,24,807.95,0
1500,Z,3000,22,2999,5,2998,10,3002,22,3003,5,3004,10,3001.18,0
1500,PRODUCT_C,14250,21,14249,28,14248,13,14253,21,14254,28,14255,13,14251.61,0
1500,PRODUCT_D,9991,8,9990,11,9989,24,9994,8,9995,11,9996,24,9993.41,0
1500,PRODUCT_D_OPTION,549,5,548,5,547,9,551,5,552,5,553,9,550.53,0
1500,PRODUCT_E,2009,11,2008,16,2007,8,2011,11,2012,16,2013,8,2010.85,0
1600,PRODUCT_A,9999,11,9998,5,9997,15,10001,11,10002,5,10003,15,10000.74,0
1600,PRODUCT_B,4991,9,4990,12,4989,7,4993,9,4994,12,4995,7,4992.88,0
1600,X,1505,28,1504,27,1503,9,1506,28,1507,27,1508,9,1506.05,0
1600,Y,805,13,804,13,803,20,806,13,807,13,808,20,806.08,0
1600,Z,3000,11,2999,7,2998,16,3002,11,3003,7,3004,16,3001.53,0
1600,PRODUCT_C,14248,27,14247,22,14246,25,14251,27,14252,22,14253,25,14250.33,0
1600,PRODUCT_D,9991,14,9990,19,9989,20,9994,14,9995,19,9996,20,9993.45,0
1600,PRODUCT_D_OPTION,571,18,570,17,569,11,573,18,574,17,575,11,572.68,0
1600,PRODUCT_E,2008,13,2007,10,2006,11,2010,13,2011,10,2012,11,2009.11,0
1700,PRODUCT_A,10002,13,10001,17,10000,8,10004,13,10005,17,10006,8,10003.93,0
1700,PRODUCT_B,4993,14,4992,10,4991,11,4995,14,4996,10,4997,11,4994.69,0
1700,X,1504,28,1503,20,1502,18,1505,28,1506,20,1507,18,1504.77,0
1700,Y,806,19,805,18,804,24,807,19,808,18,809,24,806.61,0
1700,Z,3003,13,3002,15,3001,24,3005,13,3006,15,3007,24,3004.21,0
1700,PRODUCT_C,14306,8,14305,24,14304,17,14309,8,14310,24,14311,17,14307.55,0
1700,PRODUCT_D,9989,18,9988,11,9987,23,9992,18,9993,11,9994,23,9990.95,0
1700,PRODUCT_D_OPTION,531,16,530,16,529,7,533,16,534,16,535,7,532.71,0
1700,PRODUCT_E,2009,19,2008,10,2007,6,2011,19,2012,10,2013,6,2010.79,0
1800,PRODUCT_A,9999,13,9998,18,9997,14,10001,13,10002,18,10003,14,10000.12,0
1800,PRODUCT_B,4995,16,4994,17,4993,5,4997,16,4998,17,4999,5,4996.53,0
1800,X,1503,8,1502,10,1501,30,1504,8,1505,10,1506,30,1504.03,0
1800,Y,805,15,804,18,803,30,806,15,807,18,808,30,806.21,0
1800,Z,3003,10,3002,16,3001,12,3005,10,3006,16,3007,12,3004.57,0
1800,PRODUCT_C,14347,7,14346,11,14345,26,14350,7,14351,11,14352,26,14348.54,0
1800,PRODUCT_D,9992,16,9991,16,9990,9,9995,16,9996,16,9997,9,9993.55,0
1800,PRODUCT_D_OPTION,535,15,534,8,533,5,537,15,538,8,539,5,536.66,0
1800,PRODUCT_E,2007,15,2006,5,2005,15,2009,15,2010,5,2011,15,2008.61,0
1900,PRODUCT_A,9998,11,9997,19,9996,15,10000,11,10001,19,10002,15,9999.68,0
1900,PRODUCT_B,4998,12,4997,7,4996,17,5000,12,5001,7,5002,17,4999.62,0
1900,X,1503,14,1502,24,1501,11,1504,14,1505,24,1506,11,1504.46,0
1900,Y,803,21,802,11,801,8,804,21,805,11,806,8,804.49,0
1900,Z,3002,22,3001,13,3000,24,3004,22,3005,13,3006,24,3003.15,0
1900,PRODUCT_C,14371,30,14370,26,14369,7,14374,30,14375,26,14376,7,14372.98,0
1900,PRODUCT_D,9989,23,9988,25,9987,18,9992,23,9993,25,9994,18,9990.86,0
1900,PRODUCT_D_OPTION,505,18,504,15,503,15,507,18,508,15,509,15,506.15,0
1900,PRODUCT_E,2010,11,2009,11,2008,6,2012,11,2013,11,2014,6,2011.94,0
2000,PRODUCT_A,10000,20,9999,20,9998,6,10002,20,10003,20,10004,6,10001.6,0
2000,PRODUCT_B,5000,13,4999,18,4998,8,5002,13,5003,18,5004,8,5001.04,0
2000,X,1502,8,1501,19,1500,10,1503,8,1504,19,1505,10,1502.66,0
2000,Y,802,24,801,15,800,23,803,24,804,15,805,23,803.34,0
2000,Z,3000,17,2999,12,2998,23,3002,17,3003,12,3004,23,3001.05,0
2000,PRODUCT_C,14199,5,14198,14,14197,5,14202,5,14203,14,14204,5,14200.9,0
2000,PRODUCT_D,9988,25,9987,23,9986,5,9991,25,9992,23,9993,5,9990.19,0
2000,PRODUCT_D_OPTION,531,19,530,14,529,9,533,19,534,14,535,9,532.78,0
2000,PRODUCT_E,2006,17,2005,6,2004,6,2008,17,2009,6,2010,6,2007.5,0
2100,PRODUCT_A,9994,15,9993,5,9992,7,9996,15,9997,5,9998,7,9995.64,0
2100,PRODUCT_B,5000,20,4999,8,4998,18,5002,20,5003,8,5004,18,5001.42,0
2100,X,1503,28,1502,14,1501,13,1504,28,1505,14,1506,13,1504.43,0
2100,Y,802,15,801,29,800,16,803,15,804,29,805,16,802.97,0
2100,Z,2998,17,2997,7,2996,22,3000,17,3001,7,3002,22,2999.75,0
2100,PRODUCT_C,14173,29,14172,15,14171,20,14176,29,14177,15,14178,20,14174.56,0
2100,PRODUCT_D,9987,24,9986,6,9985,17,9990,24,9991,6,9992,17,9988.64,0
2100,PRODUCT_D_OPTION,495,14,494,19,493,20,497,14,498,19,499,20,496.81,0
2100,PRODUCT_E,2007,8,2006,16,2005,8,2009,8,2010,16,2011,8,2008.12,0
2200,PRODUCT_A,9998,5,9997,12,9996,6,10000,5,10001,12,10002,6,9999.06,0
2200,PRODUCT_B,5001,5,5000,9,4999,8,5003,5,5004,9,5005,8,5002.76,0
2200,X,1501,15,1500,27,1499,28,1502,15,1503,27,1504,28,1501.55,0
2200,Y,802,18,801,12,800,10,803,18,804,12,805,10,803.01,0
2200,Z,2998,7,2997,11,2996,16,3000,7,3001,11,3002,16,2999.91,0
2200,PRODUCT_C,14184,22,14183,5,14182,27,14187,22,14188,5,14189,27,14186.06,0
2200,PRODUCT_D,9985,6,9984,13,9983,6,9988,6,9989,13,9990,6,9987.43,0
2200,PRODUCT_D_OPTION,474,8,473,6,472,14,476,8,477,6,478,14,475.18,0
2200,PRODUCT_E,2007,7,2006,13,2005,15,2009,7,2010,13,2011,15,2008.98,0
2300,PRODUCT_A,10000,17,9999,13,9998,10,10002,17,10003,13,10004,10,10001.47,0
2300,PRODUCT_B,5002,9,5001,19,5000,8,5004,9,5005,19,5006,8,5003.98,0
2300,X,1501,9,1500,15,1499,9,1502,9,1503,15,1504,9,1502.03,0
2300,Y,803,29,802,23,801,18,804,29,805,23,806,18,803.85,0
2300,Z,2996,25,2995,19,2994,8,2998,25,2999,19,3000,8,2997.6,0
2300,PRODUCT_C,14138,21,14137,21,14136,12,14141,21,14142,21,14143,12,14139.62,0
2300,PRODUCT_D,9983,23,9982,20,9981,20,9986,23,9987,20,9988,20,9984.63,0
2300,PRODUCT_D_OPTION,453,13,452,15,451,20,455,13,456,15,457,20,454.41,0
2300,PRODUCT_E,2008,12,2007,7,2006,13,2010,12,2011,7,2012,13,2009.61,0
2400,PRODUCT_A,10001,14,10000,7,9999,16,10003,14,10004,7,10005,16,10002.62,0
2400,PRODUCT_B,5001,12,5000,11,4999,7,5003,12,5004,11,5005,7,5002.68,0
2400,X,1500,7,1499,20,1498,6,1501,7,1502,20,1503,6,1501.29,0
2400,Y,803,11,802,5,801,26,804,11,805,5,806,26,803.53,0
2400,Z,2997,11,2996,19,2995,17,2999,11,3000,19,3001,17,2998.26,0
2400,PRODUCT_C,14119,11,14118,20,14117,8,14122,11,14123,20,14124,8,14121.23,0
2400,PRODUCT_D,9985,15,9984,11,9983,23,9988,15,9989,11,9990,23,9986.8,0
2400,PRODUCT_D_OPTION,470,15,469,14,468,19,472,15,473,14,474,19,471.58,0
2400,PRODUCT_E,2008,9,2007,8,2006,9,2010,9,2011,8,2012,9,2009.62,0
2500,PRODUCT_A,9998,12,9997,16,9996,17,10000,12,10001,16,10002,17,9999.28,0
2500,PRODUCT_B,5004,19,5003,11,5002,17,5006,19,5007,11,5008,17,5005.25,0
2500,X,1503,11,1502,7,1501,13,1504,11,1505,7,1506,13,1503.53,0
2500,Y,803,18,802,10,801,26,804,18,805,10,806,26,804.21,0
2500,Z,2997,14,2996,23,2995,25,2999,14,3000,23,3001,25,2998.72,0
2500,PRODUCT_C,14168,8,14167,9,14166,19,14171,8,14172,9,14173,19,14169.76,0
2500,PRODUCT_D,9986,8,9985,8,9984,12,9989,8,9990,8,9991,12,9988.29,0
2500,PRODUCT_D_OPTION,438,5,437,19,436,10,440,5,441,19,442,10,439.68,0
2500,PRODUCT_E,2008,13,2007,5,2006,20,2010,13,2011,5,2012,20,2009.26,0
2600,PRODUCT_A,10000,19,9999,16,9998,13,10002,19,10003,16,10004,13,10001.13,0
2600,PRODUCT_B,5007,8,5006,7,5005,16,5009,8,5010,7,5011,16,5008.69,0
2600,X,1504,18,1503,11,1502,9,1505,18,1506,11,1507,9,1504.67,0
2600,Y,803,17,802,21,801,18,804,17,805,21,806,18,803.65,0
2600,Z,2996,21,2995,15,2994,6,2998,21,2999,15,3000,6,2997.64,0
2600,PRODUCT_C,14175,19,14174,13,14173,16,14178,19,14179,13,14180,16,14176.62,0
2600,PRODUCT_D,9986,8,9985,6,9984,25,9989,8,9990,6,9991,25,9988.43,0
2600,PRODUCT_D_OPTION,440,17,439,18,438,11,442,17,443,18,444,11,441.75,0
2600,PRODUCT_E,2000,14,1999,11,1998,17,2002,14,2003,11,2004,17,2001.53,0
2700,PRODUCT_A,9999,10,9998,13,9997,20,10001,10,10002,13,10003,20,10000.74,0
2700,PRODUCT_B,5011,18,5010,8,5009,6,5013,18,5014,8,5015,6,5012.65,0
2700,X,1501,25,1500,12,1499,8,1502,25,1503,12,1504,8,1501.54,0
2700,Y,803,12,802,8,801,6,804,12,805,8,806,6,804.47,0
2700,Z,2996,6,2995,23,2994,13,2998,6,2999,23,3000,13,2997.8,0
2700,PRODUCT_C,14157,12,14156,7,14155,22,14160,12,14161,7,14162,22,14159.39,0
2700,PRODUCT_D,9986,8,9985,13,9984,12,9989,8,9990,13,9991,12,9988.14,0
2700,PRODUCT_D_OPTION,375,17,374,17,373,17,377,17,378,17,379,17,376.26,0
2700,PRODUCT_E,1996,8,1995,12,1994,13,1998,8,1999,12,2000,13,1997.13,0
2800,PRODUCT_A,10001,20,10000,11,9999,10,10003,20,10004,11,10005,10,10002.35,0
2800,PRODUCT_B,5011,11,5010,16,5009,14,5013,11,5014,16,5015,14,5012.72,0
2800,X,1497,27,1496,24,1495,14,1498,27,1499,24,1500,14,1497.91,0
2800,Y,804,28,803,5,802,8,805,28,806,5,807,8,805.07,0
2800,Z,2997,10,2996,21,2995,24,2999,10,3000,21,3001,24,2998.57,0
2800,PRODUCT_C,14222,20,14221,28,14220,14,14225,20,14226,28,14227,14,14223.69,0
2800,PRODUCT_D,9984,12,9983,10,9982,15,9987,12,9988,10,9989,15,9986.22,0
2800,PRODUCT_D_OPTION,405,7,404,10,403,10,407,7,408,10,409,10,406.61,0
2800,PRODUCT_E,1999,15,1998,19,1997,9,2001,15,2002,19,2003,9,2000.12,0
2900,PRODUCT_A,9995,5,9994,20,9993,18,9997,5,9998,20,9999,18,9996.66,0
2900,PRODUCT_B,5012,15,5011,5,5010,10,5014,15,5015,5,5016,10,5013.36,0
2900,X,1495,13,1494,7,1493,10,1496,13,1497,7,1498,10,1496.41,0
2900,Y,805,26,804,29,803,5,806,26,807,29,808,5,805.92,0
2900,Z,2996,24,2995,16,2994,20,2998,24,2999,16,3000,20,2997.63,0
2900,PRODUCT_C,14201,23,14200,5,14199,20,14204,23,14205,5,14206,20,14202.67,0
2900,PRODUCT_D,9984,12,9983,20,9982,8,9987,12,9988,20,9989,8,9986.0,0
2900,PRODUCT_D_OPTION,325,6,324,5,323,14,327,6,328,5,329,14,326.53,0
2900,PRODUCT_E,2001,12,2000,10,1999,9,2003,12,2004,10,2005,9,2002.21,0
3000,PRODUCT_A,10000,8,9999,8,9998,14,10002,8,10003,8,10004,14,10001.7,0
3000,PRODUCT_B,5013,15,5012,19,5011,20,5015,15,5016,19,5017,20,5014.2,0
3000,X,1495,28,1494,16,1493,22,1496,28,1497,16,1498,22,1495.65,0
3000,Y,807,13,806,26,805,20,808,13,809,26,810,20,808.08,0
3000,Z,2997,13,2996,16,2995,19,2999,13,3000,16,3001,19,2998.72,0
3000,PRODUCT_C,14256,5,14255,16,14254,14,14259,5,14260,16,14261,14,14257.75,0
3000,PRODUCT_D,9982,15,9981,21,9980,24,9985,15,9986,21,9987,24,9984.19,0
3000,PRODUCT_D_OPTION,337,20,336,8,335,13,339,20,340,8,341,13,338.43,0
3000,PRODUCT_E,2005,5,2004,9,2003,18,2007,5,2008,9,2009,18,2006.28,0
3100,PRODUCT_A,9994,12,9993,9,9992,16,9996,12,9997,9,9998,16,9995.46,0
3100,PRODUCT_B,5013,20,5012,5,5011,12,5015,20,5016,5,5017,12,5014.19,0
3100,X,1494,23,1493,28,1492,27,1495,23,1496,28,1497,27,1495.37,0
3100,Y,807,18,806,16,805,11,808,18,809,16,810,11,807.66,0
3100,Z,2996,7,2995,11,2994,17,2998,7,2999,11,3000,17,2997.65,0
3100,PRODUCT_C,14244,25,14243,8,14242,13,14247,25,14248,8,14249,13,14246.22,0
3100,PRODUCT_D,9982,25,9981,22,9980,19,9985,25,9986,22,9987,19,9984.36,0
3100,PRODUCT_D_OPTION,351,10,350,13,349,16,353,10,354,13,355,16,352.85,0
3100,PRODUCT_E,2005,15,2004,17,2003,18,2007,15,2008,17,2009,18,2006.46,0
3200,PRODUCT_A,9991,13,9990,14,9989,11,9993,13,9994,14,9995,11,9992.14,0
3200,PRODUCT_B,5014,6,5013,15,5012,8,5016,6,5017,15,5018,8,5015.43,0
3200,X,1494,18,1493,30,1492,19,1495,18,1496,30,1497,19,1495.42,0
3200,Y,804,23,803,30,802,30,805,23,806,30,807,30,805.27,0
3200,Z,2997,16,2996,14,2995,8,2999,16,3000,14,3001,8,2998.53,0
3200,PRODUCT_C,14231,5,14230,20,14229,26,14234,5,14235,20,14236,26,14232.79,0
3200,PRODUCT_D,9983,9,9982,19,9981,9,9986,9,9987,19,9988,9,9985.15,0
3200,PRODUCT_D_OPTION,342,14,341,10,340,14,344,14,345,10,346,14,343.7,0
3200,PRODUCT_E,2010,20,2009,14,2008,7,2012,20,2013,14,2014,7,2011.53,0
3300,PRODUCT_A,9997,14,9996,5,9995,19,9999,14,10000,5,10001,19,9998.18,0
3300,PRODUCT_B,5014,6,5013,11,5012,14,5016,6,5017,11,5018,14,5015.19,0
3300,X,1495,23,1494,8,1493,6,1496,23,1497,8,1498,6,1496.43,0
3300,Y,804,20,803,14,802,5,805,20,806,14,807,5,805.15,0
3300,Z,2999,18,2998,16,2997,5,3001,18,3002,16,3003,5,3000.72,0
3300,PRODUCT_C,14218,6,14217,13,14216,9,14221,6,14222,13,14223,9,14219.88,0
3300,PRODUCT_D,9983,16,9982,14,9981,21,9986,16,9987,14,9988,21,9984.65,0
3300,PRODUCT_D_OPTION,382,9,381,7,380,13,384,9,385,7,386,13,383.46,0
3300,PRODUCT_E,2010,9,2009,11,2008,18,2012,9,2013,11,2014,18,2011.11,0
3400,PRODUCT_A,9996,7,9995,14,9994,12,9998,7,9999,14,10000,12,9997.25,0
3400,PRODUCT_B,5013,6,5012,20,5011,16,5015,6,5016,20,5017,16,5014.8,0
3400,X,1493,12,1492,30,1491,26,1494,12,1495,30,1496,26,1494.38,0
3400,Y,805,25,804,17,803,18,806,25,807,17,808,18,806.36,0
3400,Z,3000,17,2999,8,2998,13,3002,17,3003,8,3004,13,3001.2,0
3400,PRODUCT_C,14182,14,14181,24,14180,14,14185,14,14186,24,14187,14,14183.57,0
3400,PRODUCT_D,9983,10,9982,23,9981,18,9986,10,9987,23,9988,18,9985.45,0
3400,PRODUCT_D_OPTION,421,15,420,9,419,11,423,15,424,9,425,11,422.55,0
3400,PRODUCT_E,2013,13,2012,9,2011,18,2015,13,2016,9,2017,18,2014.2,0
3500,PRODUCT_A,10001,11,10000,14,9999,14,10003,11,10004,14,10005,14,10002.63,0
3500,PRODUCT_B,5017,7,5016,14,5015,19,5019,7,5020,14,5021,19,5018.32,0
3500,X,1491,22,1490,10,1489,17,1492,22,1493,10,1494,17,1491.68,0
3500,Y,805,30,804,18,803,8,806,30,807,18,808,8,806.4,0
3500,Z,2998,9,2997,21,2996,19,3000,9,3001,21,3002,19,2999.29,0
3500,PRODUCT_C,14162,27,14161,15,14160,21,14165,27,14166,15,14167,21,14163.55,0
3500,PRODUCT_D,9985,16,9984,19,9983,16,9988,16,9989,19,9990,16,9986.62,0
3500,PRODUCT_D_OPTION,456,18,455,19,454,18,458,18,459,19,460,18,457.97,0
3500,PRODUCT_E,2011,18,2010,19,2009,5,2013,18,2014,19,2015,5,2012.8,0
3600,PRODUCT_A,10000,5,9999,18,9998,7,10002,5,10003,18,10004,7,10001.99,0
3600,PRODUCT_B,5017,9,5016,14,5015,12,5019,9,5020,14,5021,12,5018.65,0
3600,X,1491,23,1490,21,1489,16,1492,23,1493,21,1494,16,1492.06,0
3600,Y,806,9,805,24,804,22,807,9,808,24,809,22,806.88,0
3600,Z,2998,23,2997,14,2996,6,3000,23,3001,14,3002,6,2999.42,0
3600,PRODUCT_C,14114,29,14113,17,14112,9,14117,29,14118,17,14119,9,14115.52,0
3600,PRODUCT_D,9986,17,9985,5,9984,19,9989,17,9990,5,9991,19,9988.23,0
3600,PRODUCT_D_OPTION,492,19,491,6,490,7,494,19,495,6,496,7,493.51,0
3600,PRODUCT_E,2010,6,2009,13,2008,8,2012,6,2013,13,2014,8,2011.14,0
3700,PRODUCT_A,9995,15,9994,8,9993,14,9997,15,9998,8,9999,14,9996.34,0
3700,PRODUCT_B,5017,20,5016,15,5015,6,5019,20,5020,15,5021,6,5018.78,0
3700,X,1491,8,1490,28,1489,23,1492,8,1493,28,1494,23,1491.51,0
3700,Y,803,26,802,21,801,28,804,26,805,21,806,28,804.29,0
3700,Z,2998,6,2997,11,2996,21,3000,6,3001,11,3002,21,2999.54,0
3700,PRODUCT_C,14128,9,14127,22,14126,28,14131,9,14132,22,14133,28,14129.76,0
3700,PRODUCT_D,9990,20,9989,9,9988,12,9993,20,9994,9,9995,12,9992.18,0
3700,PRODUCT_D_OPTION,502,9,501,14,500,14,504,9,505,14,506,14,503.8,0
3700,PRODUCT_E,2012,5,2011,20,2010,11,2014,5,2015,20,2016,11,2013.86,0
3800,PRODUCT_A,10001,8,10000,7,9999,5,10003,8,10004,7,10005,5,10002.54,0
3800,PRODUCT_B,5019,9,5018,8,5017,8,5021,9,5022,8,5023,8,5020.55,0
3800,X,1490,12,1489,11,1488,8,1491,12,1492,11,1493,8,1491.36,0
3800,Y,802,20,801,5,800,21,803,20,804,5,805,21,803.04,0
3800,Z,2997,19,2996,17,2995,6,2999,19,3000,17,3001,6,2998.25,0
3800,PRODUCT_C,14127,8,14126,14,14125,17,14130,8,14131,14,14132,17,14129.02,0
3800,PRODUCT_D,9987,20,9986,10,9985,12,9990,20,9991,10,9992,12,9989.32,0
3800,PRODUCT_D_OPTION,487,13,486,19,485,8,489,13,490,19,491,8,488.58,0
3800,PRODUCT_E,2008,18,2007,9,2006,5,2010,18,2011,9,2012,5,2009.52,0
3900,PRODUCT_A,9995,10,9994,9,9993,12,9997,10,9998,9,9999,12,9996.99,0
3900,PRODUCT_B,5019,10,5018,11,5017,20,5021,10,5022,11,5023,20,5020.85,0
3900,X,1489,20,1488,14,1487,14,1490,20,1491,14,1492,14,1490.4,0
3900,Y,803,26,802,8,801,23,804,26,805,8,806,23,803.85,0
3900,Z,2995,20,2994,16,2993,13,2997,20,2998,16,2999,13,2996.36,0
3900,PRODUCT_C,14112,17,14111,17,14110,27,14115,17,14116,17,14117,27,14113.82,0
3900,PRODUCT_D,9985,8,9984,19,9983,18,9988,8,9989,19,9990,18,9986.86,0
3900,PRODUCT_D_OPTION,492,18,491,9,490,5,494,18,495,9,496,5,493.7,0
3900,PRODUCT_E,2013,14,2012,19,2011,8,2015,14,2016,19,2017,8,2014.09,0
4000,PRODUCT_A,9998,17,9997,5,9996,14,10000,17,10001,5,10002,14,9999.74,0
4000,PRODUCT_B,5020,6,5019,19,5018,6,5022,6,5023,19,5024,6,5021.43,0
4000,X,1489,16,1488,9,1487,19,1490,16,1491,9,1492,19,1490.14,0
4000,Y,804,28,803,19,802,13,805,28,806,19,807,13,805.02,0
4000,Z,2994,5,2993,10,2992,16,2996,5,2997,10,2998,16,2995.79,0
4000,PRODUCT_C,14154,21,14153,21,14152,11,14157,21,14158,21,14159,11,14155.71,0
4000,PRODUCT_D,9982,16,9981,21,9980,17,9985,16,9986,21,9987,17,9984.42,0
4000,PRODUCT_D_OPTION,522,7,521,10,520,9,524,7,525,10,526,9,523.7,0
4000,PRODUCT_E,2018,16,2017,15,2016,19,2020,16,2021,15,2022,19,2019.62,0
4100,PRODUCT_A,9998,9,9997,13,9996,14,10000,9,10001,13,10002,14,9999.12,0
4100,PRODUCT_B,5020,17,5019,7,5018,20,5022,17,5023,7,5024,20,5021.3,0
4100,X,1491,17,1490,20,1489,24,1492,17,1493,20,1494,24,1492.37,0
4100,Y,803,26,802,10,801,23,804,26,805,10,806,23,803.89,0
4100,Z,2996,21,2995,21,2994,13,2998,21,2999,21,3000,13,2997.09,0
4100,PRODUCT_C,14117,9,14116,27,14115,15,14120,9,14121,27,14122,15,14118.56,0
4100,PRODUCT_D,9982,23,9981,23,9980,16,9985,23,9986,23,9987,16,9984.03,0
4100,PRODUCT_D_OPTION,517,17,516,7,515,6,519,17,520,7,521,6,518.25,0
4100,PRODUCT_E,2018,5,2017,10,2016,12,2020,5,2021,10,2022,12,2019.6,0
4200,PRODUCT_A,9999,8,9998,8,9997,20,10001,8,10002,8,10003,20,10000.34,0
4200,PRODUCT_B,5017,20,5016,15,5015,12,5019,20,5020,15,5021,12,5018.86,0
4200,X,1489,29,1488,30,1487,28,1490,29,1491,30,1492,28,1489.93,0
4200,Y,803,30,802,12,801,8,804,30,805,12,806,8,804.44,0
4200,Z,2997,10,2996,17,2995,18,2999,10,3000,17,3001,18,2998.32,0
4200,PRODUCT_C,14038,7,14037,6,14036,24,14041,7,14042,6,14043,24,14039.78,0
4200,PRODUCT_D,9979,13,9978,8,9977,6,9982,13,9983,8,9984,6,9980.84,0
4200,PRODUCT_D_OPTION,440,7,439,19,438,16,442,7,443,19,444,16,441.05,0
4200,PRODUCT_E,2022,5,2021,10,2020,15,2024,5,2025,10,2026,15,2023.74,0
4300,PRODUCT_A,10001,8,10000,19,9999,17,10003,8,10004,19,10005,17,10002.46,0
4300,PRODUCT_B,5017,9,5016,11,5015,11,5019,9,5020,11,5021,11,5018.8,0
4300,X,1487,13,1486,20,1485,19,1488,13,1489,20,1490,19,1488.09,0
4300,Y,802,26,801,14,800,12,803,26,804,14,805,12,803.38,0
4300,Z,2999,11,2998,10,2997,18,3001,11,3002,10,3003,18,3000.12,0
4300,PRODUCT_C,14055,21,14054,30,14053,30,14058,21,14059,30,14060,30,14057.18,0
4300,PRODUCT_D,9978,11,9977,7,9976,23,9981,11,9982,7,9983,23,9979.78,0
4300,PRODUCT_D_OPTION,389,5,388,8,387,11,391,5,392,8,393,11,390.65,0
4300,PRODUCT_E,2021,6,2020,9,2019,5,2023,6,2024,9,2025,5,2022.13,0
4400,PRODUCT_A,10000,16,9999,18,9998,7,10002,16,10003,18,10004,7,10001.92,0
4400,PRODUCT_B,5015,15,5014,10,5013,20,5017,15,5018,10,5019,20,5016.53,0
4400,X,1488,11,1487,11,1486,23,1489,11,1490,11,1491,23,1489.06,0
4400,Y,801,20,800,21,799,16,802,20,803,21,804,16,801.65,0
4400,Z,2999,16,2998,24,2997,22,3001,16,3002,24,3003,22,3000.05,0
4400,PRODUCT_C,14003,9,14002,30,14001,7,14006,9,14007,30,14008,7,14005.05,0
4400,PRODUCT_D,9979,19,9978,18,9977,25,9982,19,9983,18,9984,25,9981.45,0
4400,PRODUCT_D_OPTION,447,17,446,7,445,7,449,17,450,7,451,7,448.38,0
4400,PRODUCT_E,2020,9,2019,14,2018,8,2022,9,2023,14,2024,8,2021.39,0
4500,PRODUCT_A,10000,8,9999,20,9998,12,10002,8,10003,20,10004,12,10001.05,0
4500,PRODUCT_B,5015,6,5014,15,5013,5,5017,6,5018,15,5019,5,5016.95,0
4500,X,1490,12,1489,14,1488,13,1491,12,1492,14,1493,13,1491.41,0
4500,Y,801,17,800,27,799,16,802,17,803,27,804,16,801.75,0
4500,Z,3002,7,3001,10,3000,14,3004,7,3005,10,3006,14,3003.0,0
4500,PRODUCT_C,13974,7,13973,22,13972,23,13977,7,13978,22,13979,23,13976.34,0
4500,PRODUCT_D,9981,12,9980,21,9979,24,9984,12,9985,21,9986,24,9982.91,0
4500,PRODUCT_D_OPTION,423,14,422,17,421,6,425,14,426,17,427,6,424.53,0
4500,PRODUCT_E,2021,8,2020,20,2019,13,2023,8,2024,20,2025,13,2022.1,0
4600,PRODUCT_A,10000,5,9999,6,9998,15,10002,5,10003,6,10004,15,10001.95,0
4600,PRODUCT_B,5013,18,5012,13,5011,11,5015,18,5016,13,5017,11,5014.58,0
4600,X,1490,15,1489,29,1488,6,1491,15,1492,29,1493,6,1491.1,0
4600,Y,801,9,800,11,799,22,802,9,803,11,804,22,802.08,0
4600,Z,3000,15,2999,6,2998,12,3002,15,3003,6,3004,12,3001.73,0
4600,PRODUCT_C,13999,20,13998,7,13997,30,14002,20,14003,7,14004,30,14000.59,0
4600,PRODUCT_D,9984,23,9983,24,9982,6,9987,23,9988,24,9989,6,9986.19,0
4600,PRODUCT_D_OPTION,408,16,407,7,406,18,410,16,411,7,412,18,409.22,0
4600,PRODUCT_E,2019,7,2018,20,2017,9,2021,7,2022,20,2023,9,2020.44,0
4700,PRODUCT_A,10000,13,9999,6,9998,8,10002,13,10003,6,10004,8,10001.44,0
4700,PRODUCT_B,5015,6,5014,20,5013,12,5017,6,5018,20,5019,12,5016.42,0
4700,X,1488,25,1487,16,1486,18,1489,25,1490,16,1491,18,1489.2,0
4700,Y,802,20,801,14,800,30,803,20,804,14,805,30,802.67,0
4700,Z,3001,12,3000,5,2999,6,3003,12,3004,5,3005,6,3002.39,0
4700,PRODUCT_C,14050,5,14049,29,14048,30,14053,5,14054,29,14055,30,14051.69,0
4700,PRODUCT_D,9986,11,9985,22,9984,24,9989,11,9990,22,9991,24,9987.9,0
4700,PRODUCT_D_OPTION,439,17,438,5,437,20,441,17,442,5,443,20,440.14,0
4700,PRODUCT_E,2021,6,2020,17,2019,17,2023,6,2024,17,2025,17,2022.55,0
4800,PRODUCT_A,9997,9,9996,18,9995,18,9999,9,10000,18,10001,18,9998.12,0
4800,PRODUCT_B,5016,9,5015,8,5014,19,5018,9,5019,8,5020,19,5017.92,0
4800,X,1485,8,1484,24,1483,16,1486,8,1487,24,1488,16,1486.2,0
4800,Y,803,16,802,11,801,15,804,16,805,11,806,15,803.77,0
4800,Z,3001,18,3000,6,2999,12,3003,18,3004,6,3005,12,3002.03,0
4800,PRODUCT_C,14023,12,14022,7,14021,23,14026,12,14027,7,14028,23,14025.11,0
4800,PRODUCT_D,9988,5,9987,12,9986,18,9991,5,9992,12,9993,18,9989.92,0
4800,PRODUCT_D_OPTION,467,6,466,5,465,12,469,6,470,5,471,12,468.1,0
4800,PRODUCT_E,2024,6,2023,7,2022,6,2026,6,2027,7,2028,6,2025.23,0
4900,PRODUCT_A,9996,9,9995,19,9994,10,9998,9,9999,19,10000,10,9997.85,0
4900,PRODUCT_B,5017,14,5016,6,5015,15,5019,14,5020,6,5021,15,5018.48,0
4900,X,1486,16,1485,24,1484,25,1487,16,1488,24,1489,25,1486.59,0
4900,Y,805,12,804,14,803,9,806,12,807,14,808,9,806.28,0
4900,Z,3003,24,3002,17,3001,20,3005,24,3006,17,3007,20,3004.27,0
4900,PRODUCT_C,14019,26,14018,8,14017,26,14022,26,14023,8,14024,26,14020.75,0
4900,PRODUCT_D,9987,7,9986,7,9985,13,9990,7,9991,7,9992,13,9988.87,0
4900,PRODUCT_D_OPTION,481,11,480,20,479,16,483,11,484,20,485,16,482.94,0
4900,PRODUCT_E,2026,12,2025,19,2024,14,2028,12,2029,19,2030,14,2027.18,0
5000,PRODUCT_A,9997,16,9996,14,9995,12,9999,16,10000,14,10001,12,9998.59,0
5000,PRODUCT_B,5017,13,5016,15,5015,8,5019,13,5020,15,5021,8,5018.28,0
5000,X,1484,6,1483,16,1482,18,1485,6,1486,16,1487,18,1484.72,0
5000,Y,807,27,806,24,805,20,808,27,809,24,810,20,807.71,0
5000,Z,3003,13,3002,7,3001,11,3005,13,3006,7,3007,11,3004.32,0
5000,PRODUCT_C,14095,9,14094,21,14093,12,14098,9,14099,21,14100,12,14096.85,0
5000,PRODUCT_D,9986,14,9985,22,9984,11,9989,14,9990,22,9991,11,9988.15,0
5000,PRODUCT_D_OPTION,483,8,482,16,481,9,485,8,486,16,487,9,484.84,0
5000,PRODUCT_E,2024,6,2023,12,2022,19,2026,6,2027,12,2028,19,2025.64,0
5100,PRODUCT_A,10000,19,9999,8,9998,5,10002,19,10003,8,10004,5,10001.5,0
5100,PRODUCT_B,5018,20,5017,6,5016,13,5020,20,5021,6,5022,13,5019.11,0
5100,X,1487,13,1486,23,1485,17,1488,13,1489,23,1490,17,1487.98,0
5100,Y,806,14,805,7,804,6,807,14,808,7,809,6,807.17,0
5100,Z,3001,13,3000,24,2999,17,3003,13,3004,24,3005,17,3002.77,0
5100,PRODUCT_C,14054,20,14053,5,14052,17,14057,20,14058,5,14059,17,14055.87,0
5100,PRODUCT_D,9988,17,9987,19,9986,6,9991,17,9992,19,9993,6,9989.91,0
5100,PRODUCT_D_OPTION,420,12,419,11,418,17,422,12,423,11,424,17,421.21,0
5100,PRODUCT_E,2020,10,2019,18,2018,6,2022,10,2023,18,2024,6,2021.07,0
5200,PRODUCT_A,9998,14,9997,6,9996,16,10000,14,10001,6,10002,16,9999.25,0
5200,PRODUCT_B,5014,5,5013,15,5012,13,5016,5,5017,15,5018,13,5015.18,0
5200,X,1490,30,1489,29,1488,23,1491,30,1492,29,1493,23,1491.49,0
5200,Y,808,11,807,29,806,5,809,11,810,29,811,5,808.58,0
5200,Z,3002,15,3001,24,3000,18,3004,15,3005,24,3006,18,3003.13,0
5200,PRODUCT_C,14123,18,14122,30,14121,28,14126,18,14127,30,14128,28,14124.84,0
5200,PRODUCT_D,9990,6,9989,8,9988,22,9993,6,9994,8,9995,22,9991.63,0
5200,PRODUCT_D_OPTION,487,17,486,14,485,19,489,17,490,14,491,19,488.3,0
5200,PRODUCT_E,2021,18,2020,13,2019,10,2023,18,2024,13,2025,10,2022.32,0
5300,PRODUCT_A,10006,17,10005,19,10004,12,10008,17,10009,19,10010,12,10007.01,0
5300,PRODUCT_B,5011,9,5010,5,5009,13,5013,9,5014,5,5015,13,5012.99,0
5300,X,1491,30,1490,26,1489,13,1492,30,1493,26,1494,13,1491.83,0
5300,Y,805,7,804,12,803,29,806,7,807,12,808,29,806.37,0
5300,Z,3000,22,2999,14,2998,15,3002,22,3003,14,3004,15,3001.45,0
5300,PRODUCT_C,14134,23,14133,17,14132,6,14137,23,14138,17,14139,6,14136.07,0
5300,PRODUCT_D,9986,24,9985,13,9984,16,9989,24,9990,13,9991,16,9987.79,0
5300,PRODUCT_D_OPTION,471,13,470,13,469,5,473,13,474,13,475,5,472.85,0
5300,PRODUCT_E,2020,8,2019,14,2018,15,2022,8,2023,14,2024,15,2021.26,0
5400,PRODUCT_A,9996,13,9995,10,9994,19,9998,13,9999,10,10000,19,9997.54,0
5400,PRODUCT_B,5011,19,5010,5,5009,19,5013,19,5014,5,5015,19,5012.69,0
5400,X,1492,5,1491,19,1490,6,1493,5,1494,19,1495,6,1492.56,0
5400,Y,806,16,805,20,804,25,807,16,808,20,809,25,806.53,0
5400,Z,2999,22,2998,11,2997,18,3001,22,3002,11,3003,18,3000.14,0
5400,PRODUCT_C,14113,6,14112,23,14111,7,14116,6,14117,23,14118,7,14114.65,0
5400,PRODUCT_D,9983,13,9982,24,9981,22,9986,13,9987,24,9988,22,9985.02,0
5400,PRODUCT_D_OPTION,500,15,499,7,498,19,502,15,503,7,504,19,501.43,0
5400,PRODUCT_E,2015,10,2014,13,2013,13,2017,10,2018,13,2019,13,2016.41,0
5500,PRODUCT_A,9995,13,9994,20,9993,9,9997,13,9998,20,9999,9,9996.7,0
5500,PRODUCT_B,5012,12,5011,10,5010,9,5014,12,5015,10,5016,9,5013.38,0
5500,X,1491,24,1490,25,1489,6,1492,24,1493,25,1494,6,1492.39,0
5500,Y,807,12,806,8,805,25,808,12,809,8,810,25,808.11,0
5500,Z,3000,6,2999,10,2998,21,3002,6,3003,10,3004,21,3001.53,0
5500,PRODUCT_C,14125,19,14124,23,14123,15,14128,19,14129,23,14130,15,14126.84,0
5500,PRODUCT_D,9981,6,9980,22,9979,12,9984,6,9985,22,9986,12,9983.06,0
5500,PRODUCT_D_OPTION,500,6,499,13,498,13,502,6,503,13,504,13,501.15,0
5500,PRODUCT_E,2011,5,2010,16,2009,6,2013,5,2014,16,2015,6,2012.8,0
5600,PRODUCT_A,10001,12,10000,16,9999,8,10003,12,10004,16,10005,8,10002.31,0
5600,PRODUCT_B,5012,7,5011,19,5010,8,5014,7,5015,19,5016,8,5013.22,0
5600,X,1493,21,1492,7,1491,12,1494,21,1495,7,1496,12,1494.1,0
5600,Y,808,11,807,15,806,23,809,11,810,15,811,23,809.12,0
5600,Z,3000,16,2999,18,2998,7,3002,16,3003,18,3004,7,3001.5,0
5600,PRODUCT_C,14111,25,14110,18,14109,14,14114,25,14115,18,14116,14,14112.66,0
5600,PRODUCT_D,9979,9,9978,5,9977,15,9982,9,9983,5,9984,15,9981.34,0
5600,PRODUCT_D_OPTION,480,16,479,15,478,18,482,16,483,15,484,18,481.25,0
5600,PRODUCT_E,2010,16,2009,20,2008,14,2012,16,2013,20,2014,14,2011.94,0
5700,PRODUCT_A,10003,5,10002,10,10001,16,10005,5,10006,10,10007,16,10004.27,0
5700,PRODUCT_B,5010,6,5009,14,5008,9,5012,6,5013,14,5014,9,5011.21,0
5700,X,1493,23,1492,5,1491,8,1494,23,1495,5,1496,8,1494.09,0
5700,Y,809,24,808,11,807,30,810,24,811,11,812,30,810.37,0
5700,Z,3001,15,3000,21,2999,21,3003,15,3004,21,3005,21,3002.78,0
5700,PRODUCT_C,14103,30,14102,23,14101,27,14106,30,14107,23,14108,27,14104.74,0
5700,PRODUCT_D,9982,16,9981,11,9980,17,9985,16,9986,11,9987,17,9983.97,0
5700,PRODUCT_D_OPTION,471,6,470,9,469,17,473,6,474,9,475,17,472.34,0
5700,PRODUCT_E,2015,7,2014,7,2013,12,2017,7,2018,7,2019,12,2016.51,0
5800,PRODUCT_A,10000,18,9999,8,9998,6,10002,18,10003,8,10004,6,10001.52,0
5800,PRODUCT_B,5010,20,5009,19,5008,15,5012,20,5013,19,5014,15,5011.48,0
5800,X,1493,13,1492,11,1491,23,1494,13,1495,11,1496,23,1494.19,0
5800,Y,812,14,811,12,810,15,813,14,814,12,815,15,813.23,0
5800,Z,3000,12,2999,16,2998,12,3002,12,3003,16,3004,12,3001.47,0
5800,PRODUCT_C,14125,19,14124,15,14123,28,14128,19,14129,15,14130,28,14126.55,0
5800,PRODUCT_D,9986,8,9985,12,9984,19,9989,8,9990,12,9991,19,9987.59,0
5800,PRODUCT_D_OPTION,466,18,465,16,464,7,468,18,469,16,470,7,467.27,0
5800,PRODUCT_E,2016,16,2015,7,2014,16,2018,16,2019,7,2020,16,2017.66,0
5900,PRODUCT_A,10001,20,10000,12,9999,19,10003,20,10004,12,10005,19,10002.51,0
5900,PRODUCT_B,5009,18,5008,12,5007,9,5011,18,5012,12,5013,9,5010.57,0
5900,X,1495,22,1494,12,1493,29,1496,22,1497,12,1498,29,1496.23,0
5900,Y,811,18,810,26,809,23,812,18,813,26,814,23,812.12,0
5900,Z,3002,9,3001,24,3000,13,3004,9,3005,24,3006,13,3003.42,0
5900,PRODUCT_C,14111,30,14110,14,14109,15,14114,30,14115,14,14116,15,14112.82,0
5900,PRODUCT_D,9986,15,9985,8,9984,7,9989,15,9990,8,9991,7,9988.25,0
5900,PRODUCT_D_OPTION,512,18,511,18,510,9,514,18,515,18,516,9,513.35,0
5900,PRODUCT_E,2014,20,2013,11,2012,10,2016,20,2017,11,2018,10,2015.02,0
6000,PRODUCT_A,10003,19,10002,5,10001,10,10005,19,10006,5,10007,10,10004.28,0
6000,PRODUCT_B,5007,8,5006,18,5005,13,5009,8,5010,18,5011,13,5008.43,0
6000,X,1496,29,1495,22,1494,27,1497,29,1498,22,1499,27,1497.17,0
6000,Y,812,20,811,28,810,8,813,20,814,28,815,8,813.31,0
6000,Z,3002,9,3001,6,3000,18,3004,9,3005,6,3006,18,3003.15,0
6000,PRODUCT_C,14068,5,14067,27,14066,10,14071,5,14072,27,14073,10,14070.39,0
6000,PRODUCT_D,9987,7,9986,9,9985,21,9990,7,9991,9,9992,21,9988.93,0
6000,PRODUCT_D_OPTION,471,17,470,18,469,16,473,17,474,18,475,16,472.33,0
6000,PRODUCT_E,2010,9,2009,17,2008,12,2012,9,2013,17,2014,12,2011.78,0
6100,PRODUCT_A,9998,14,9997,8,9996,15,10000,14,10001,8,10002,15,9999.72,0
6100,PRODUCT_B,5008,15,5007,8,5006,6,5010,15,5011,8,5012,6,5009.09,0
6100,X,1499,7,1498,28,1497,16,1500,7,1501,28,1502,16,1500.37,0
6100,Y,812,19,811,18,810,25,813,19,814,18,815,25,813.17,0
6100,Z,2999,19,2998,18,2997,14,3001,19,3002,18,3003,14,3000.22,0
6100,PRODUCT_C,14124,29,14123,20,14122,27,14127,29,14128,20,14129,27,14126.02,0
6100,PRODUCT_D,9991,9,9990,10,9989,23,9994,9,9995,10,9996,23,9992.81,0
6100,PRODUCT_D_OPTION,482,7,481,9,480,5,484,7,485,9,486,5,483.57,0
6100,PRODUCT_E,2007,16,2006,19,2005,17,2009,16,2010,19,2011,17,2008.8,0
6200,PRODUCT_A,9994,15,9993,19,9992,10,9996,15,9997,19,9998,10,9995.73,0
6200,PRODUCT_B,5007,13,5006,8,5005,12,5009,13,5010,8,5011,12,5008.67,0
6200,X,1497,14,1496,20,1495,15,1498,14,1499,20,1500,15,1497.91,0
6200,Y,814,6,813,23,812,21,815,6,816,23,817,21,814.85,0
6200,Z,2997,21,2996,23,2995,21,2999,21,3000,23,3001,21,2998.87,0
6200,PRODUCT_C,14112,18,14111,14,14110,15,14115,18,14116,14,14117,15,14114.19,0
6200,PRODUCT_D,9992,17,9991,15,9990,10,9995,17,9996,15,9997,10,9993.71,0
6200,PRODUCT_D_OPTION,531,9,530,6,529,11,533,9,534,6,535,11,532.94,0
6200,PRODUCT_E,2004,18,2003,13,2002,15,2006,18,2007,13,2008,15,2005.74,0
6300,PRODUCT_A,9997,8,9996,16,9995,14,9999,8,10000,16,10001,14,9998.4,0
6300,PRODUCT_B,5010,10,5009,8,5008,14,5012,10,5013,8,5014,14,5011.06,0
6300,X,1496,13,1495,20,1494,19,1497,13,1498,20,1499,19,1497.08,0
6300,Y,814,12,813,10,812,14,815,12,816,10,817,14,815.02,0
6300,Z,2995,13,2994,24,2993,8,2997,13,2998,24,2999,8,2996.78,0
6300,PRODUCT_C,14154,12,14153,26,14152,13,14157,12,14158,26,14159,13,14156.22,0
6300,PRODUCT_D,9993,9,9992,8,9991,11,9996,9,9997,8,9998,11,9994.83,0
6300,PRODUCT_D_OPTION,512,10,511,5,510,6,514,10,515,5,516,6,513.67,0
6300,PRODUCT_E,2005,11,2004,5,2003,20,2007,11,2008,5,2009,20,2006.22,0
6400,PRODUCT_A,10001,5,10000,16,9999,11,10003,5,10004,16,10005,11,10002.86,0
6400,PRODUCT_B,5011,14,5010,18,5009,19,5013,14,5014,18,5015,19,5012.4,0
6400,X,1495,21,1494,9,1493,19,1496,21,1497,9,1498,19,1495.72,0
6400,Y,815,14,814,8,813,27,816,14,817,8,818,27,816.19,0
6400,Z,2993,8,2992,19,2991,18,2995,8,2996,19,2997,18,2994.58,0
6400,PRODUCT_C,14157,20,14156,13,14155,7,14160,20,14161,13,14162,7,14159.38,0
6400,PRODUCT_D,9994,9,9993,13,9992,8,9997,9,9998,13,9999,8,9995.57,0
6400,PRODUCT_D_OPTION,509,16,508,7,507,12,511,16,512,7,513,12,510.73,0
6400,PRODUCT_E,2008,7,2007,15,2006,10,2010,7,2011,15,2012,10,2009.56,0
6500,PRODUCT_A,9994,15,9993,13,9992,19,9996,15,9997,13,9998,19,9995.67,0
6500,PRODUCT_B,5012,7,5011,15,5010,6,5014,7,5015,15,5016,6,5013.87,0
6500,X,1496,18,1495,8,1494,27,1497,18,1498,8,1499,27,1496.98,0
6500,Y,818,30,817,21,816,15,819,30,820,21,821,15,818.51,0
6500,Z,2994,11,2993,22,2992,25,2996,11,2997,22,2998,25,2995.35,0
6500,PRODUCT_C,14299,6,14298,25,14297,25,14302,6,14303,25,14304,25,14301.15,0
6500,PRODUCT_D,9994,5,9993,12,9992,9,9997,5,9998,12,9999,9,9996.32,0
6500,PRODUCT_D_OPTION,472,17,471,12,470,11,474,17,475,12,476,11,473.58,0
6500,PRODUCT_E,2016,13,2015,20,2014,9,2018,13,2019,20,2020,9,2017.68,0
6600,PRODUCT_A,9999,20,9998,10,9997,20,10001,20,10002,10,10003,20,10000.1,0
6600,PRODUCT_B,5013,14,5012,9,5011,11,5015,14,5016,9,5017,11,5014.51,0
6600,X,1495,25,1494,7,1493,21,1496,25,1497,7,1498,21,1496.24,0
6600,Y,818,28,817,28,816,11,819,28,820,28,821,11,819.46,0
6600,Z,2994,5,2993,18,2992,7,2996,5,2997,18,2998,7,2995.9,0
6600,PRODUCT_C,14322,20,14321,22,14320,24,14325,20,14326,22,14327,24,14324.06,0
6600,PRODUCT_D,9997,11,9996,10,9995,6,10000,11,10001,10,10002,6,9999.02,0
6600,PRODUCT_D_OPTION,518,18,517,13,516,17,520,18,521,13,522,17,519.16,0
6600,PRODUCT_E,2021,12,2020,16,2019,20,2023,12,2024,16,2025,20,2022.97,0
6700,PRODUCT_A,9999,10,9998,14,9997,12,10001,10,10002,14,10003,12,10000.76,0
6700,PRODUCT_B,5011,14,5010,20,5009,20,5013,14,5014,20,5015,20,5012.82,0
6700,X,1496,30,1495,25,1494,17,1497,30,1498,25,1499,17,1497.15,0
6700,Y,818,24,817,16,816,22,819,24,820,16,821,22,819.15,0
6700,Z,2995,20,2994,14,2993,8,2997,20,2998,14,2999,8,2996.78,0
6700,PRODUCT_C,14266,12,14265,8,14264,29,14269,12,14270,8,14271,29,14268.18,0
6700,PRODUCT_D,9998,14,9997,18,9996,19,10001,14,10002,18,10003,19,10000.47,0
6700,PRODUCT_D_OPTION,482,15,481,12,480,18,484,15,485,12,486,18,483.23,0
6700,PRODUCT_E,2020,8,2019,10,2018,19,2022,8,2023,10,2024,19,2021.53,0
6800,PRODUCT_A,9998,15,9997,8,9996,16,10000,15,10001,8,10002,16,9999.05,0
6800,PRODUCT_B,5009,17,5008,9,5007,20,5011,17,5012,9,5013,20,5010.95,0
6800,X,1494,30,1493,20,1492,24,1495,30,1496,20,1497,24,1495.39,0
6800,Y,818,18,817,26,816,12,819,18,820,26,821,12,818.6,0
6800,Z,2994,5,2993,14,2992,13,2996,5,2997,14,2998,13,2995.68,0
6800,PRODUCT_C,14201,21,14200,11,14199,30,14204,21,14205,11,14206,30,14203.07,0
6800,PRODUCT_D,9999,18,9998,6,9997,22,10002,18,10003,6,10004,22,10000.64,0
6800,PRODUCT_D_OPTION,497,15,496,13,495,15,499,15,500,13,501,15,498.6,0
6800,PRODUCT_E,2023,18,2022,17,2021,19,2025,18,2026,17,2027,19,2024.35,0
6900,PRODUCT_A,10001,18,10000,17,9999,13,10003,18,10004,17,10005,13,10002.17,0
6900,PRODUCT_B,5007,6,5006,13,5005,20,5009,6,5010,13,5011,20,5008.0,0
6900,X,1494,28,1493,12,1492,15,1495,28,1496,12,1497,15,1495.25,0
6900,Y,817,25,816,6,815,14,818,25,819,6,820,14,817.55,0
6900,Z,2995,19,2994,18,2993,12,2997,19,2998,18,2999,12,2996.47,0
6900,PRODUCT_C,14166,23,14165,10,14164,22,14169,23,14170,10,14171,22,14167.78,0
6900,PRODUCT_D,9998,11,9997,25,9996,8,10001,11,10002,25,10003,8,9999.86,0
6900,PRODUCT_D_OPTION,438,15,437,9,436,5,440,15,441,9,442,5,439.29,0
6900,PRODUCT_E,2023,5,2022,17,2021,7,2025,5,2026,17,2027,7,2024.64,0
7000,PRODUCT_A,10000,15,9999,16,9998,7,10002,15,10003,16,10004,7,10001.74,0
7000,PRODUCT_B,5012,6,5011,11,5010,16,5014,6,5015,11,5016,16,5013.76,0
7000,X,1498,22,1497,11,1496,10,1499,22,1500,11,1501,10,1498.7,0
7000,Y,818,22,817,17,816,27,819,22,820,17,821,27,819.11,0
7000,Z,2993,12,2992,14,2991,10,2995,12,2996,14,2997,10,2994.27,0
7000,PRODUCT_C,14179,16,14178,15,14177,18,14182,16,14183,15,14184,18,14181.06,0
7000,PRODUCT_D,9998,11,9997,22,9996,12,10001,11,10002,22,10003,12,10000.38,0
7000,PRODUCT_D_OPTION,413,5,412,6,411,5,415,5,416,6,417,5,414.71,0
7000,PRODUCT_E,2028,8,2027,17,2026,20,2030,8,2031,17,2032,20,2029.87,0
7100,PRODUCT_A,10005,6,10004,10,10003,14,10007,6,10008,10,10009,14,10006.96,0
7100,PRODUCT_B,5010,14,5009,5,5008,12,5012,14,5013,5,5014,12,5011.6,0
7100,X,1500,25,1499,29,1498,27,1501,25,1502,29,1503,27,1501.15,0
7100,Y,820,12,819,6,818,13,821,12,822,6,823,13,821.08,0
7100,Z,2992,8,2991,17,2990,25,2994,8,2995,17,2996,25,2993.55,0
7100,PRODUCT_C,14144,17,14143,9,14142,28,14147,17,14148,9,14149,28,14146.14,0
7100,PRODUCT_D,9995,13,9994,7,9993,7,9998,13,9999,7,10000,7,9997.05,0
7100,PRODUCT_D_OPTION,418,7,417,18,416,5,420,7,421,18,422,5,419.7,0
7100,PRODUCT_E,2030,5,2029,9,2028,8,2032,5,2033,9,2034,8,2031.41,0
7200,PRODUCT_A,10000,17,9999,11,9998,14,10002,17,10003,11,10004,14,10001.86,0
7200,PRODUCT_B,5010,15,5009,18,5008,5,5012,15,5013,18,5014,5,5011.18,0
7200,X,1497,14,1496,13,1495,19,1498,14,1499,13,1500,19,1498.34,0
7200,Y,820,11,819,8,818,13,821,11,822,8,823,13,820.71,0
7200,Z,2992,25,2991,23,2990,20,2994,25,2995,23,2996,20,2993.31,0
7200,PRODUCT_C,14101,17,14100,14,14099,18,14104,17,14105,14,14106,18,14103.24,0
7200,PRODUCT_D,9996,7,9995,12,9994,18,9999,7,10000,12,10001,18,9997.97,0
7200,PRODUCT_D_OPTION,388,13,387,20,386,14,390,13,391,20,392,14,389.3,0
7200,PRODUCT_E,2028,12,2027,17,2026,5,2030,12,2031,17,2032,5,2029.92,0
7300,PRODUCT_A,9997,20,9996,17,9995,16,9999,20,10000,17,10001,16,9998.17,0
7300,PRODUCT_B,5009,8,5008,19,5007,12,5011,8,5012,19,5013,12,5010.46,0
7300,X,1498,23,1497,5,1496,17,1499,23,1500,5,1501,17,1498.88,0
7300,Y,817,29,816,12,815,19,818,29,819,12,820,19,818.0,0
7300,Z,2991,16,2990,20,2989,23,2993,16,2994,20,2995,23,2992.45,0
7300,PRODUCT_C,14106,8,14105,25,14104,14,14109,8,14110,25,14111,14,14107.66,0
7300,PRODUCT_D,9996,15,9995,9,9994,25,9999,15,10000,9,10001,25,9998.22,0
7300,PRODUCT_D_OPTION,382,7,381,8,380,10,384,7,385,8,386,10,384.0,0
7300,PRODUCT_E,2031,11,2030,20,2029,12,2033,11,2034,20,2035,12,2032.82,0
7400,PRODUCT_A,9997,7,9996,9,9995,17,9999,7,10000,9,10001,17,9998.31,0
7400,PRODUCT_B,5008,20,5007,12,5006,6,5010,20,5011,12,5012,6,5009.9,0
7400,X,1499,29,1498,20,1497,13,1500,29,1501,20,1502,13,1500.12,0
7400,Y,816,18,815,14,814,28,817,18,818,14,819,28,817.05,0
7400,Z,2991,15,2990,9,2989,6,2993,15,2994,9,2995,6,2992.6,0
7400,PRODUCT_C,14059,15,14058,27,14057,23,14062,15,14063,27,14064,23,14061.38,0
7400,PRODUCT_D,9997,24,9996,18,9995,5,10000,24,10001,18,10002,5,9998.87,0
7400,PRODUCT_D_OPTION,348,13,347,11,346,20,350,13,351,11,352,20,349.11,0
7400,PRODUCT_E,2029,20,2028,15,2027,12,2031,20,2032,15,2033,12,2030.44,0
7500,PRODUCT_A,9996,15,9995,19,9994,20,9998,15,9999,19,10000,20,9997.51,0
7500,PRODUCT_B,5007,7,5006,8,5005,18,5009,7,5010,8,5011,18,5008.73,0
7500,X,1498,27,1497,7,1496,17,1499,27,1500,7,1501,17,1499.38,0
7500,Y,817,9,816,29,815,5,818,9,819,29,820,5,817.7,0
7500,Z,2991,10,2990,21,2989,8,2993,10,2994,21,2995,8,2992.57,0
7500,PRODUCT_C,14078,10,14077,11,14076,19,14081,10,14082,11,14083,19,14079.69,0
7500,PRODUCT_D,9995,8,9994,6,9993,18,9998,8,9999,6,10000,18,9996.55,0
7500,PRODUCT_D_OPTION,353,20,352,10,351,20,355,20,356,10,357,20,354.03,0
7500,PRODUCT_E,2027,9,2026,18,2025,17,2029,9,2030,18,2031,17,2028.55,0
7600,PRODUCT_A,10001,5,10000,14,9999,8,10003,5,10004,14,10005,8,10002.86,0
7600,PRODUCT_B,5003,18,5002,14,5001,13,5005,18,5006,14,5007,13,5005.0,0
7600,X,1497,21,1496,15,1495,24,1498,21,1499,15,1500,24,1497.73,0
7600,Y,815,16,814,23,813,25,816,16,817,23,818,25,816.28,0
7600,Z,2992,10,2991,9,2990,14,2994,10,2995,9,2996,14,2993.28,0
7600,PRODUCT_C,14092,21,14091,26,14090,11,14095,21,14096,26,14097,11,14094.25,0
7600,PRODUCT_D,9995,24,9994,16,9993,21,9998,24,9999,16,10000,21,9997.49,0
7600,PRODUCT_D_OPTION,324,13,323,20,322,19,326,13,327,20,328,19,325.26,0
7600,PRODUCT_E,2026,11,2025,15,2024,9,2028,11,2029,15,2030,9,2027.62,0
7700,PRODUCT_A,9997,10,9996,20,9995,5,9999,10,10000,20,10001,5,9998.3,0
7700,PRODUCT_B,5001,15,5000,18,4999,10,5003,15,5004,18,5005,10,5003.0,0
7700,X,1498,9,1497,20,1496,7,1499,9,1500,20,1501,7,1498.72,0
7700,Y,812,5,811,14,810,27,813,5,814,14,815,27,813.34,0
7700,Z,2992,11,2991,11,2990,8,2994,11,2995,11,2996,8,2993.73,0
7700,PRODUCT_C,14056,22,14055,19,14054,15,14059,22,14060,19,14061,15,14057.61,0
7700,PRODUCT_D,9996,8,9995,6,9994,24,9999,8,10000,6,10001,24,9997.86,0
7700,PRODUCT_D_OPTION,300,19,299,10,298,7,302,19,303,10,304,7,301.08,0
7700,PRODUCT_E,2025,16,2024,12,2023,16,2027,16,2028,12,2029,16,2026.81,0
7800,PRODUCT_A,9998,5,9997,11,9996,13,10000,5,10001,11,10002,13,9999.79,0
7800,PRODUCT_B,4999,14,4998,18,4997,14,5001,14,5002,18,5003,14,5000.22,0
7800,X,1498,16,1497,24,1496,29,1499,16,1500,24,1501,29,1498.87,0
7800,Y,812,17,811,13,810,22,813,17,814,13,815,22,812.68,0
7800,Z,2994,22,2993,25,2992,11,2996,22,2997,25,2998,11,2995.16,0
7800,PRODUCT_C,14097,7,14096,23,14095,9,14100,7,14101,23,14102,9,14098.92,0
7800,PRODUCT_D,9996,8,9995,11,9994,13,9999,8,10000,11,10001,13,9997.84,0
7800,PRODUCT_D_OPTION,313,10,312,13,311,8,315,10,316,13,317,8,314.31,0
7800,PRODUCT_E,2019,9,2018,17,2017,15,2021,9,2022,17,2023,15,2020.57,0
7900,PRODUCT_A,10001,13,10000,20,9999,11,10003,13,10004,20,10005,11,10002.25,0
7900,PRODUCT_B,4998,10,4997,5,4996,12,5000,10,5001,5,5002,12,4999.96,0
7900,X,1499,11,1498,7,1497,30,1500,11,1501,7,1502,30,1499.7,0
7900,Y,809,24,808,9,807,9,810,24,811,9,812,9,809.62,0
7900,Z,2993,10,2992,20,2991,5,2995,10,2996,20,2997,5,2994.44,0
7900,PRODUCT_C,14099,15,14098,7,14097,6,14102,15,14103,7,14104,6,14101.33,0
7900,PRODUCT_D,9997,9,9996,21,9995,19,10000,9,10001,21,10002,19,9998.58,0
7900,PRODUCT_D_OPTION,266,18,265,20,264,15,268,18,269,20,270,15,267.92,0
7900,PRODUCT_E,2022,14,2021,8,2020,12,2024,14,2025,8,2026,12,2023.61,0
8000,PRODUCT_A,9996,17,9995,17,9994,17,9998,17,9999,17,10000,17,9997.83,0
8000,PRODUCT_B,4997,20,4996,16,4995,14,4999,20,5000,16,5001,14,4998.6,0
8000,X,1498,21,1497,15,1496,21,1499,21,1500,15,1501,21,1499.47,0
8000,Y,809,7,808,24,807,11,810,7,811,24,812,11,810.1,0
8000,Z,2994,10,2993,25,2992,13,2996,10,2997,25,2998,13,2995.42,0
8000,PRODUCT_C,14159,27,14158,9,14157,18,14162,27,14163,9,14164,18,14160.98,0
8000,PRODUCT_D,9995,22,9994,19,9993,20,9998,22,9999,19,10000,20,9996.92,0
8000,PRODUCT_D_OPTION,290,13,289,8,288,18,292,13,293,8,294,18,291.83,0
8000,PRODUCT_E,2030,16,2029,10,2028,5,2032,16,2033,10,2034,5,2031.62,0
8100,PRODUCT_A,9998,16,9997,19,9996,16,10000,16,10001,19,10002,16,9999.12,0
8100,PRODUCT_B,4996,18,4995,11,4994,11,4998,18,4999,11,5000,11,4997.22,0
8100,X,1502,17,1501,16,1500,10,1503,17,1504,16,1505,10,1502.96,0
8100,Y,809,28,808,5,807,11,810,28,811,5,812,11,809.5,0
8100,Z,2994,19,2993,16,2992,21,2996,19,2997,16,2998,21,2995.84,0
8100,PRODUCT_C,14204,11,14203,5,14202,23,14207,11,14208,5,14209,23,14205.66,0
8100,PRODUCT_D,9992,14,9991,15,9990,8,9995,14,9996,15,9997,8,9994.01,0
8100,PRODUCT_D_OPTION,273,16,272,13,271,5,275,16,276,13,277,5,274.41,0
8100,PRODUCT_E,2026,13,2025,6,2024,13,2028,13,2029,6,2030,13,2027.9,0
8200,PRODUCT_A,9993,20,9992,17,9991,6,9995,20,9996,17,9997,6,9994.48,0
8200,PRODUCT_B,4996,13,4995,13,4994,6,4998,13,4999,13,5000,6,4997.65,0
8200,X,1501,23,1500,5,1499,27,1502,23,1503,5,1504,27,1501.59,0
8200,Y,809,20,808,24,807,25,810,20,811,24,812,25,809.59,0
8200,Z,2995,19,2994,20,2993,10,2997,19,2998,20,2999,10,2996.2,0
8200,PRODUCT_C,14194,20,14193,28,14192,25,14197,20,14198,28,14199,25,14196.48,0
8200,PRODUCT_D,9993,22,9992,8,9991,6,9996,22,9997,8,9998,6,9994.92,0
8200,PRODUCT_D_OPTION,324,16,323,5,322,9,326,16,327,5,328,9,325.04,0
8200,PRODUCT_E,2030,10,2029,9,2028,7,2032,10,2033,9,2034,7,2031.96,0
8300,PRODUCT_A,9995,18,9994,8,9993,6,9997,18,9998,8,9999,6,9996.75,0
8300,PRODUCT_B,4995,19,4994,6,4993,15,4997,19,4998,6,4999,15,4996.49,0
8300,X,1500,8,1499,22,1498,13,1501,8,1502,22,1503,13,1500.85,0
8300,Y,811,11,810,25,809,24,812,11,813,25,814,24,811.54,0
8300,Z,2995,5,2994,15,2993,15,2997,5,2998,15,2999,15,2996.4,0
8300,PRODUCT_C,14201,27,14200,10,14199,23,14204,27,14205,10,14206,23,14203.44,0
8300,PRODUCT_D,9989,16,9988,21,9987,5,9992,16,9993,21,9994,5,9990.52,0
8300,PRODUCT_D_OPTION,311,17,310,18,309,6,313,17,314,18,315,6,312.89,0
8300,PRODUCT_E,2025,7,2024,11,2023,9,2027,7,2028,11,2029,9,2026.87,0
8400,PRODUCT_A,9997,13,9996,7,9995,10,9999,13,10000,7,10001,10,9998.3,0
8400,PRODUCT_B,4997,19,4996,6,4995,13,4999,19,5000,6,5001,13,4998.35,0
8400,X,1501,24,1500,11,1499,27,1502,24,1503,11,1504,27,1501.62,0
8400,Y,809,21,808,18,807,10,810,21,811,18,812,10,810.18,0
8400,Z,2992,25,2991,5,2990,14,2994,25,2995,5,2996,14,2993.17,0
8400,PRODUCT_C,14216,13,14215,22,14214,16,14219,13,14220,22,14221,16,14218.15,0
8400,PRODUCT_D,9990,8,9989,15,9988,19,9993,8,9994,15,9995,19,9991.71,0
8400,PRODUCT_D_OPTION,293,7,292,19,291,7,295,7,296,19,297,7,294.52,0
8400,PRODUCT_E,2025,8,2024,7,2023,10,2027,8,2028,7,2029,10,2026.62,0
8500,PRODUCT_A,10000,7,9999,10,9998,15,10002,7,10003,10,10004,15,10001.25,0
8500,PRODUCT_B,4996,5,4995,10,4994,5,4998,5,4999,10,5000,5,4997.58,0
8500,X,1502,11,1501,25,1500,16,1503,11,1504,25,1505,16,1502.72,0
8500,Y,806,19,805,7,804,28,807,19,808,7,809,28,806.95,0
8500,Z,2995,12,2994,14,2993,25,2997,12,2998,14,2999,25,2996.04,0
8500,PRODUCT_C,14221,11,14220,28,14219,29,14224,11,14225,28,14226,29,14223.45,0
8500,PRODUCT_D,9994,9,9993,14,9992,6,9997,9,9998,14,9999,6,9995.84,0
8500,PRODUCT_D_OPTION,304,17,303,14,302,10,306,17,307,14,308,10,305.19,0
8500,PRODUCT_E,2023,13,2022,9,2021,15,2025,13,2026,9,2027,15,2024.13,0
8600,PRODUCT_A,10002,18,10001,12,10000,11,10004,18,10005,12,10006,11,10003.58,0
8600,PRODUCT_B,4997,13,4996,11,4995,10,4999,13,5000,11,5001,10,4998.03,0
8600,X,1500,14,1499,13,1498,27,1501,14,1502,13,1503,27,1500.65,0
8600,Y,806,19,805,13,804,7,807,19,808,13,809,7,806.91,0
8600,Z,2993,20,2992,16,2991,23,2995,20,2996,16,2997,23,2994.67,0
8600,PRODUCT_C,14144,16,14143,16,14142,29,14147,16,14148,16,14149,29,14146.36,0
8600,PRODUCT_D,9995,25,9994,21,9993,19,9998,25,9999,21,10000,19,9996.58,0
8600,PRODUCT_D_OPTION,336,10,335,6,334,17,338,10,339,6,340,17,337.34,0
8600,PRODUCT_E,2023,9,2022,11,2021,18,2025,9,2026,11,2027,18,2024.69,0
8700,PRODUCT_A,9998,16,9997,14,9996,11,10000,16,10001,14,10002,11,9999.94,0
8700,PRODUCT_B,4994,15,4993,13,4992,7,4996,15,4997,13,4998,7,4995.38,0
8700,X,1502,21,1501,29,1500,11,1503,21,1504,29,1505,11,1502.6,0
8700,Y,807,13,806,11,805,19,808,13,809,11,810,19,807.61,0
8700,Z,2992,13,2991,6,2990,8,2994,13,2995,6,2996,8,2993.48,0
8700,PRODUCT_C,14199,21,14198,26,14197,25,14202,21,14203,26,14204,25,14201.47,0
8700,PRODUCT_D,9996,10,9995,20,9994,9,9999,10,10000,20,10001,9,9998.29,0
8700,PRODUCT_D_OPTION,275,19,274,15,273,16,277,19,278,15,279,16,276.72,0
8700,PRODUCT_E,2025,17,2024,6,2023,15,2027,17,2028,6,2029,15,2026.26,0
8800,PRODUCT_A,9999,8,9998,16,9997,5,10001,8,10002,16,10003,5,10000.78,0
8800,PRODUCT_B,4995,10,4994,18,4993,20,4997,10,4998,18,4999,20,4996.69,0
8800,X,1499,15,1498,15,1497,25,1500,15,1501,15,1502,25,1500.41,0
8800,Y,804,8,803,10,802,16,805,8,806,10,807,16,805.47,0
8800,Z,2991,14,2990,10,2989,19,2993,14,2994,10,2995,19,2992.99,0
8800,PRODUCT_C,14158,22,14157,10,14156,29,14161,22,14162,10,14163,29,14159.74,0
8800,PRODUCT_D,10000,5,9999,19,9998,24,10003,5,10004,19,10005,24,10001.54,0
8800,PRODUCT_D_OPTION,266,19,265,18,264,17,268,19,269,18,270,17,267.92,0
8800,PRODUCT_E,2021,20,2020,12,2019,13,2023,20,2024,12,2025,13,2022.38,0
8900,PRODUCT_A,9999,16,9998,15,9997,20,10001,16,10002,15,10003,20,10000.5,0
8900,PRODUCT_B,4994,17,4993,14,4992,6,4996,17,4997,14,4998,6,4995.88,0
8900,X,1499,12,1498,29,1497,21,1500,12,1501,29,1502,21,1500.42,0
8900,Y,804,8,803,18,802,18,805,8,806,18,807,18,804.92,0
8900,Z,2990,13,2989,23,2988,17,2992,13,2993,23,2994,17,2991.03,0
8900,PRODUCT_C,14203,23,14202,5,14201,10,14206,23,14207,5,14208,10,14204.63,0
8900,PRODUCT_D,10002,21,10001,10,10000,14,10005,21,10006,10,10007,14,10003.63,0
8900,PRODUCT_D_OPTION,308,11,307,9,306,9,310,11,311,9,312,9,309.35,0
8900,PRODUCT_E,2020,15,2019,6,2018,7,2022,15,2023,6,2024,7,2021.89,0
9000,PRODUCT_A,10002,14,10001,9,10000,16,10004,14,10005,9,10006,16,10003.25,0
9000,PRODUCT_B,4995,19,4994,17,4993,10,4997,19,4998,17,4999,10,4996.7,0
9000,X,1499,19,1498,5,1497,26,1500,19,1501,5,1502,26,1499.96,0
9000,Y,803,9,802,11,801,10,804,9,805,11,806,10,804.4,0
9000,Z,2992,14,2991,14,2990,7,2994,14,2995,14,2996,7,2993.65,0
9000,PRODUCT_C,14207,10,14206,12,14205,11,14210,10,14211,12,14212,11,14209.2,0
9000,PRODUCT_D,10006,18,10005,7,10004,12,10009,18,10010,7,10011,12,10008.19,0
9000,PRODUCT_D_OPTION,288,9,287,16,286,5,290,9,291,16,292,5,289.1,0
9000,PRODUCT_E,2023,20,2022,10,2021,16,2025,20,2026,10,2027,16,2024.1,0
9100,PRODUCT_A,10001,8,10000,20,9999,17,10003,8,10004,20,10005,17,10002.68,0
9100,PRODUCT_B,4996,11,4995,20,4994,17,4998,11,4999,20,5000,17,4997.36,0
9100,X,1498,19,1497,27,1496,12,1499,19,1500,27,1501,12,1498.9,0
9100,Y,803,29,802,8,801,17,804,29,805,8,806,17,804.44,0
9100,Z,2991,9,2990,15,2989,9,2993,9,2994,15,2995,9,2992.72,0
9100,PRODUCT_C,14175,17,14174,29,14173,15,14178,17,14179,29,14180,15,14177.36,0
9100,PRODUCT_D,10004,14,10003,18,10002,24,10007,14,10008,18,10009,24,10006.45,0
9100,PRODUCT_D_OPTION,261,17,260,7,259,16,263,17,264,7,265,16,262.06,0
9100,PRODUCT_E,2020,20,2019,5,2018,12,2022,20,2023,5,2024,12,2021.32,0
9200,PRODUCT_A,9999,10,9998,12,9997,16,10001,10,10002,12,10003,16,10000.82,0
9200,PRODUCT_B,4996,16,4995,15,4994,5,4998,16,4999,15,5000,5,4997.01,0
9200,X,1500,24,1499,24,1498,29,1501,24,1502,24,1503,29,1500.6,0
9200,Y,803,17,802,7,801,25,804,17,805,7,806,25,803.51,0
9200,Z,2990,12,2989,9,2988,20,2992,12,2993,9,2994,20,2991.69,0
9200,PRODUCT_C,14177,11,14176,6,14175,11,14180,11,14181,6,14182,11,14179.34,0
9200,PRODUCT_D,10004,14,10003,18,10002,7,10007,14,10008,18,10009,7,10005.76,0
9200,PRODUCT_D_OPTION,226,15,225,17,224,10,228,15,229,17,230,10,227.24,0
9200,PRODUCT_E,2024,18,2023,9,2022,14,2026,18,2027,9,2028,14,2025.04,0
9300,PRODUCT_A,9995,14,9994,17,9993,20,9997,14,9998,17,9999,20,9996.97,0
9300,PRODUCT_B,4996,6,4995,13,4994,18,4998,6,4999,13,5000,18,4997.45,0
9300,X,1496,10,1495,10,1494,17,1497,10,1498,10,1499,17,1497.07,0
9300,Y,807,26,806,21,805,8,808,26,809,21,810,8,807.51,0
9300,Z,2989,19,2988,7,2987,16,2991,19,2992,7,2993,16,2990.45,0
9300,PRODUCT_C,14245,26,14244,28,14243,8,14248,26,14249,28,14250,8,14247.19,0
9300,PRODUCT_D,10005,25,10004,17,10003,5,10008,25,10009,17,10010,5,10006.73,0
9300,PRODUCT_D_OPTION,226,10,225,15,224,9,228,10,229,15,230,9,227.72,0
9300,PRODUCT_E,2027,17,2026,19,2025,5,2029,17,2030,19,2031,5,2028.89,0
9400,PRODUCT_A,10001,20,10000,17,9999,18,10003,20,10004,17,10005,18,10002.71,0
9400,PRODUCT_B,4995,6,4994,14,4993,18,4997,6,4998,14,4999,18,4996.68,0
9400,X,1495,13,1494,28,1493,25,1496,13,1497,28,1498,25,1495.98,0
9400,Y,806,8,805,24,804,30,807,8,808,24,809,30,807.12,0
9400,Z,2990,19,2989,21,2988,16,2992,19,2993,21,2994,16,2991.1,0
9400,PRODUCT_C,14205,29,14204,20,14203,27,14208,29,14209,20,14210,27,14206.77,0
9400,PRODUCT_D,10001,15,10000,22,9999,16,10004,15,10005,22,10006,16,10003.5,0
9400,PRODUCT_D_OPTION,201,8,200,10,199,18,203,8,204,10,205,18,202.28,0
9400,PRODUCT_E,2026,17,2025,7,2024,9,2028,17,2029,7,2030,9,2027.47,0
9500,PRODUCT_A,10000,5,9999,15,9998,13,10002,5,10003,15,10004,13,10001.14,0
9500,PRODUCT_B,4998,11,4997,19,4996,18,5000,11,5001,19,5002,18,4999.37,0
9500,X,1494,6,1493,19,1492,14,1495,6,1496,19,1497,14,1494.62,0
9500,Y,806,6,805,8,804,20,807,6,808,8,809,20,807.4,0
9500,Z,2992,19,2991,16,2990,6,2994,19,2995,16,2996,6,2993.2,0
9500,PRODUCT_C,14134,24,14133,26,14132,16,14137,24,14138,26,14139,16,14135.84,0
9500,PRODUCT_D,10001,13,10000,18,9999,15,10004,13,10005,18,10006,15,10003.49,0
9500,PRODUCT_D_OPTION,223,14,222,5,221,13,225,14,226,5,227,13,224.08,0
9500,PRODUCT_E,2030,10,2029,14,2028,16,2032,10,2033,14,2034,16,2031.73,0
9600,PRODUCT_A,10002,18,10001,5,10000,19,10004,18,10005,5,10006,19,10003.68,0
9600,PRODUCT_B,5000,15,4999,14,4998,6,5002,15,5003,14,5004,6,5001.24,0
9600,X,1495,24,1494,8,1493,16,1496,24,1497,8,1498,16,1495.94,0
9600,Y,806,28,805,6,804,22,807,28,808,6,809,22,806.67,0
9600,Z,2992,17,2991,12,2990,10,2994,17,2995,12,2996,10,2993.61,0
9600,PRODUCT_C,14131,7,14130,22,14129,8,14134,7,14135,22,14136,8,14132.93,0
9600,PRODUCT_D,10002,9,10001,9,10000,25,10005,9,10006,9,10007,25,10003.62,0
9600,PRODUCT_D_OPTION,193,20,192,18,191,13,195,20,196,18,197,13,194.16,0
9600,PRODUCT_E,2024,16,2023,19,2022,12,2026,16,2027,19,2028,12,2025.89,0
9700,PRODUCT_A,9998,19,9997,6,9996,7,10000,19,10001,6,10002,7,9999.91,0
9700,PRODUCT_B,5001,15,5000,16,4999,6,5003,15,5004,16,5005,6,5002.2,0
9700,X,1497,9,1496,24,1495,28,1498,9,1499,24,1500,28,1498.26,0
9700,Y,802,25,801,30,800,8,803,25,804,30,805,8,802.7,0
9700,Z,2991,17,2990,21,2989,7,2993,17,2994,21,2995,7,2992.44,0
9700,PRODUCT_C,14172,15,14171,25,14170,28,14175,15,14176,25,14177,28,14174.1,0
9700,PRODUCT_D,10004,14,10003,18,10002,17,10007,14,10008,18,10009,17,10006.22,0
9700,PRODUCT_D_OPTION,192,5,191,10,190,13,194,5,195,10,196,13,193.63,0
9700,PRODUCT_E,2023,7,2022,18,2021,8,2025,7,2026,18,2027,8,2024.05,0
9800,PRODUCT_A,10004,11,10003,13,10002,14,10006,11,10007,13,10008,14,10005.86,0
9800,PRODUCT_B,4998,12,4997,6,4996,16,5000,12,5001,6,5002,16,4999.84,0
9800,X,1498,23,1497,20,1496,11,1499,23,1500,20,1501,11,1499.43,0
9800,Y,804,29,803,18,802,13,805,29,806,18,807,13,804.78,0
9800,Z,2993,10,2992,13,2991,21,2995,10,2996,13,2997,21,2994.43,0
9800,PRODUCT_C,14255,26,14254,6,14253,24,14258,26,14259,6,14260,24,14257.46,0
9800,PRODUCT_D,10006,17,10005,10,10004,14,10009,17,10010,10,10011,14,10008.35,0
9800,PRODUCT_D_OPTION,199,13,198,5,197,18,201,13,202,5,203,18,200.26,0
9800,PRODUCT_E,2024,11,2023,5,2022,18,2026,11,2027,5,2028,18,2025.66,0
9900,PRODUCT_A,9997,9,9996,13,9995,13,9999,9,10000,13,10001,13,9998.92,0
9900,PRODUCT_B,4996,19,4995,15,4994,8,4998,19,4999,15,5000,8,4997.65,0
9900,X,1501,12,1500,12,1499,5,1502,12,1503,12,1504,5,1501.52,0
9900,Y,799,27,798,15,797,12,800,27,801,15,802,12,800.04,0
9900,Z,2993,7,2992,24,2991,14,2995,7,2996,24,2997,14,2994.85,0
9900,PRODUCT_C,14271,28,14270,27,14269,24,14274,28,14275,27,14276,24,14273.49,0
9900,PRODUCT_D,10008,19,10007,23,10006,18,10011,19,10012,23,10013,18,10009.88,0
9900,PRODUCT_D_OPTION,194,15,193,17,192,20,196,15,197,17,198,20,195.54,0
9900,PRODUCT_E,2027,5,2026,15,2025,15,2029,5,2030,15,2031,15,2028.5,0
10000,PRODUCT_A,10003,15,10002,16,10001,19,10005,15,10006,16,10007,19,10004.78,0
10000,PRODUCT_B,4995,9,4994,19,4993,20,4997,9,4998,19,4999,20,4996.32,0
10000,X,1497,11,1496,22,1495,27,1498,11,1499,22,1500,27,1498.18,0
10000,Y,801,10,800,26,799,17,802,10,803,26,804,17,802.08,0
10000,Z,2992,13,2991,17,2990,6,2994,13,2995,17,2996,6,2993.77,0
10000,PRODUCT_C,14175,26,14174,23,14173,7,14178,26,14179,23,14180,7,14177.22,0
10000,PRODUCT_D,10009,25,10008,20,10007,22,10012,25,10013,20,10014,22,10011.28,0
10000,PRODUCT_D_OPTION,199,16,198,7,197,11,201,16,202,7,203,11,200.51,0
10000,PRODUCT_E,2030,16,2029,14,2028,14,2032,16,2033,14,2034,14,2031.8,0
10100,PRODUCT_A,9999,15,9998,19,9997,19,10001,15,10002,19,10003,19,10000.35,0
10100,PRODUCT_B,4994,5,4993,9,4992,10,4996,5,4997,9,4998,10,4995.83,0
10100,X,1497,24,1496,16,1495,23,1498,24,1499,16,1500,23,1498.43,0
10100,Y,799,18,798,18,797,29,800,18,801,18,802,29,800.09,0
10100,Z,2992,5,2991,14,2990,22,2994,5,2995,14,2996,22,2993.66,0
10100,PRODUCT_C,14155,28,14154,20,14153,12,14158,28,14159,20,14160,12,14156.89,0
10100,PRODUCT_D,10009,17,10008,22,10007,9,10012,17,10013,22,10014,9,10011.4,0
10100,PRODUCT_D_OPTION,185,17,184,8,183,8,187,17,188,8,189,8,186.05,0
10100,PRODUCT_E,2033,17,2032,11,2031,11,2035,17,2036,11,2037,11,2034.74,0
10200,PRODUCT_A,9997,8,9996,14,9995,10,9999,8,10000,14,10001,10,9998.45,0
10200,PRODUCT_B,4995,10,4994,17,4993,18,4997,10,4998,17,4999,18,4996.72,0
10200,X,1495,16,1494,29,1493,11,1496,16,1497,29,1498,11,1496.35,0
10200,Y,797,18,796,24,795,13,798,18,799,24,800,13,798.06,0
10200,Z,2992,15,2991,16,2990,25,2994,15,2995,16,2996,25,2993.86,0
10200,PRODUCT_C,14117,8,14116,26,14115,26,14120,8,14121,26,14122,26,14118.54,0
10200,PRODUCT_D,10010,25,10009,25,10008,15,10013,25,10014,25,10015,15,10011.98,0
10200,PRODUCT_D_OPTION,173,17,172,12,171,17,175,17,176,12,177,17,174.49,0
10200,PRODUCT_E,2033,20,2032,19,2031,14,2035,20,2036,19,2037,14,2034.86,0
10300,PRODUCT_A,9995,19,9994,10,9993,10,9997,19,9998,10,9999,10,9996.61,0
10300,PRODUCT_B,4993,17,4992,14,4991,5,4995,17,4996,14,4997,5,4994.93,0
10300,X,1495,22,1494,15,1493,29,1496,22,1497,15,1498,29,1495.79,0
10300,Y,797,19,796,25,795,10,798,19,799,25,800,10,797.89,0
10300,Z,2993,8,2992,17,2991,23,2995,8,2996,17,2997,23,2994.22,0
10300,PRODUCT_C,14110,25,14109,18,14108,18,14113,25,14114,18,14115,18,14111.52,0
10300,PRODUCT_D,10012,18,10011,11,10010,25,10015,18,10016,11,10017,25,10013.5,0
10300,PRODUCT_D_OPTION,216,5,215,12,214,9,218,5,219,12,220,9,217.68,0
10300,PRODUCT_E,2035,7,2034,18,2033,5,2037,7,2038,18,2039,5,2036.92,0
10400,PRODUCT_A,9998,15,9997,12,9996,10,10000,15,10001,12,10002,10,9999.55,0
10400,PRODUCT_B,4996,20,4995,7,4994,16,4998,20,4999,7,5000,16,4997.28,0
10400,X,1495,5,1494,28,1493,24,1496,5,1497,28,1498,24,1496.16,0
10400,Y,800,30,799,25,798,17,801,30,802,25,803,17,801.19,0
10400,Z,2993,22,2992,21,2991,11,2995,22,2996,21,2997,11,2994.22,0
10400,PRODUCT_C,14090,10,14089,19,14088,16,14093,10,14094,19,14095,16,14092.27,0
10400,PRODUCT_D,10014,12,10013,10,10012,20,10017,12,10018,10,10019,20,10015.53,0
10400,PRODUCT_D_OPTION,237,11,236,15,235,9,239,11,240,15,241,9,238.39,0
10400,PRODUCT_E,2036,14,2035,7,2034,5,2038,14,2039,7,2040,5,2037.01,0
10500,PRODUCT_A,10003,11,10002,19,10001,19,10005,11,10006,19,10007,19,10004.27,0
10500,PRODUCT_B,4996,12,4995,19,4994,12,4998,12,4999,19,5000,12,4997.29,0
10500,X,1495,30,1494,10,1493,19,1496,30,1497,10,1498,19,1496.3,0
10500,Y,801,21,800,25,799,8,802,21,803,25,804,8,801.67,0
10500,Z,2993,24,2992,15,2991,10,2995,24,2996,15,2997,10,2994.25,0
10500,PRODUCT_C,14090,12,14089,19,14088,28,14093,12,14094,19,14095,28,14092.12,0
10500,PRODUCT_D,10012,7,10011,5,10010,6,10015,7,10016,5,10017,6,10014.09,0
10500,PRODUCT_D_OPTION,255,18,254,20,253,17,257,18,258,20,259,17,256.11,0
10500,PRODUCT_E,2031,7,2030,18,2029,13,2033,7,2034,18,2035,13,2032.61,0
10600,PRODUCT_A,10001,8,10000,5,9999,19,10003,8,10004,5,10005,19,10002.45,0
10600,PRODUCT_B,4992,20,4991,6,4990,14,4994,20,4995,6,4996,14,4993.27,0
10600,X,1497,30,1496,17,1495,28,1498,30,1499,17,1500,28,1498.36,0
10600,Y,800,29,799,6,798,16,801,29,802,6,803,16,801.38,0
10600,Z,2996,17,2995,21,2994,25,2998,17,2999,21,3000,25,2997.05,0
10600,PRODUCT_C,14060,25,14059,19,14058,18,14063,25,14064,19,14065,18,14061.82,0
10600,PRODUCT_D,10013,8,10012,8,10011,9,10016,8,10017,8,10018,9,10014.99,0
10600,PRODUCT_D_OPTION,288,13,287,8,286,10,290,13,291,8,292,10,289.8,0
10600,PRODUCT_E,2034,16,2033,18,2032,15,2036,16,2037,18,2038,15,2035.32,0
10700,PRODUCT_A,10001,9,10000,12,9999,20,10003,9,10004,12,10005,20,10002.07,0
10700,PRODUCT_B,4991,11,4990,13,4989,8,4993,11,4994,13,4995,8,4992.32,0
10700,X,1494,15,1493,25,1492,27,1495,15,1496,25,1497,27,1495.39,0
10700,Y,799,7,798,19,797,27,800,7,801,19,802,27,800.23,0
10700,Z,3000,20,2999,12,2998,13,3002,20,3003,12,3004,13,3001.3,0
10700,PRODUCT_C,14150,15,14149,14,14148,27,14153,15,14154,14,14155,27,14151.78,0
10700,PRODUCT_D,10013,19,10012,15,10011,19,10016,19,10017,15,10018,19,10014.84,0
10700,PRODUCT_D_OPTION,303,13,302,13,301,6,305,13,306,13,307,6,304.74,0
10700,PRODUCT_E,2036,9,2035,9,2034,14,2038,9,2039,9,2040,14,2037.03,0
10800,PRODUCT_A,9991,5,9990,12,9989,16,9993,5,9994,12,9995,16,9992.87,0
10800,PRODUCT_B,4986,16,4985,14,4984,14,4988,16,4989,14,4990,14,4987.15,0
10800,X,1493,27,1492,10,1491,23,1494,27,1495,10,1496,23,1494.14,0
10800,Y,800,25,799,14,798,20,801,25,802,14,803,20,801.2,0
10800,Z,3000,19,2999,14,2998,9,3002,19,3003,14,3004,9,3001.56,0
10800,PRODUCT_C,14155,28,14154,30,14153,27,14158,28,14159,30,14160,27,14156.53,0
10800,PRODUCT_D,10013,9,10012,9,10011,24,10016,9,10017,9,10018,24,10015.37,0
10800,PRODUCT_D_OPTION,300,14,299,17,298,13,302,14,303,17,304,13,301.48,0
10800,PRODUCT_E,2035,12,2034,5,2033,11,2037,12,2038,5,2039,11,2036.65,0
10900,PRODUCT_A,10001,14,10000,9,9999,5,10003,14,10004,9,10005,5,10002.13,0
10900,PRODUCT_B,4984,13,4983,16,4982,17,4986,13,4987,16,4988,17,4985.64,0
10900,X,1491,20,1490,24,1489,10,1492,20,1493,24,1494,10,1491.92,0
10900,Y,800,16,799,25,798,9,801,16,802,25,803,9,800.65,0
10900,Z,2999,23,2998,21,2997,15,3001,23,3002,21,3003,15,3000.18,0
10900,PRODUCT_C,14121,21,14120,16,14119,17,14124,21,14125,16,14126,17,14123.12,0
10900,PRODUCT_D,10016,20,10015,25,10014,10,10019,20,10020,25,10021,10,10017.68,0
10900,PRODUCT_D_OPTION,320,20,319,10,318,20,322,20,323,10,324,20,321.23,0
10900,PRODUCT_E,2033,17,2032,5,2031,7,2035,17,2036,5,2037,7,2034.92,0
11000,PRODUCT_A,10000,15,9999,12,9998,14,10002,15,10003,12,10004,14,10001.67,0
11000,PRODUCT_B,4983,11,4982,12,4981,9,4985,11,4986,12,4987,9,4984.54,0
11000,X,1488,13,1487,24,1486,29,1489,13,1490,24,1491,29,1489.46,0
11000,Y,801,28,800,30,799,8,802,28,803,30,804,8,801.72,0
11000,Z,2997,25,2996,11,2995,16,2999,25,3000,11,3001,16,2998.61,0
11000,PRODUCT_C,14069,20,14068,19,14067,23,14072,20,14073,19,14074,23,14071.42,0
11000,PRODUCT_D,10015,25,10014,5,10013,21,10018,25,10019,5,10020,21,10017.17,0
11000,PRODUCT_D_OPTION,317,12,316,11,315,16,319,12,320,11,321,16,318.0,0
11000,PRODUCT_E,2039,6,2038,17,2037,8,2041,6,2042,17,2043,8,2040.76,0
11100,PRODUCT_A,9997,15,9996,7,9995,13,9999,15,10000,7,10001,13,9998.35,0
11100,PRODUCT_B,4982,7,4981,6,4980,19,4984,7,4985,6,4986,19,4983.32,0
11100,X,1490,23,1489,21,1488,12,1491,23,1492,21,1493,12,1490.97,0
11100,Y,798,12,797,13,796,30,799,12,800,13,801,30,798.77,0
11100,Z,2998,10,2997,25,2996,12,3000,10,3001,25,3002,12,2999.83,0
11100,PRODUCT_C,14105,12,14104,27,14103,27,14108,12,14109,27,14110,27,14106.85,0
11100,PRODUCT_D,10013,19,10012,10,10011,6,10016,19,10017,10,10018,6,10015.33,0
11100,PRODUCT_D_OPTION,362,13,361,13,360,7,364,13,365,13,366,7,363.19,0
11100,PRODUCT_E,2036,11,2035,7,2034,9,2038,11,2039,7,2040,9,2037.96,0
11200,PRODUCT_A,9997,14,9996,6,9995,11,9999,14,10000,6,10001,11,9998.12,0
11200,PRODUCT_B,4981,12,4980,12,4979,20,4983,12,4984,12,4985,20,4982.67,0
11200,X,1490,19,1489,8,1488,22,1491,19,1492,8,1493,22,1491.24,0
11200,Y,799,30,798,6,797,15,800,30,801,6,802,15,799.57,0
11200,Z,2996,25,2995,7,2994,11,2998,25,2999,7,3000,11,2997.39,0
11200,PRODUCT_C,14135,20,14134,8,14133,19,14138,20,14139,8,14140,19,14136.55,0
11200,PRODUCT_D,10012,7,10011,20,10010,11,10015,7,10016,20,10017,11,10013.51,0
11200,PRODUCT_D_OPTION,366,8,365,11,364,20,368,8,369,11,370,20,368.0,0
11200,PRODUCT_E,2037,14,2036,5,2035,18,2039,14,2040,5,2041,18,2038.18,0
11300,PRODUCT_A,9998,8,9997,19,9996,11,10000,8,10001,19,10002,11,9999.99,0
11300,PRODUCT_B,4980,19,4979,5,4978,13,4982,19,4983,5,4984,13,4981.88,0
11300,X,1493,29,1492,18,1491,24,1494,29,1495,18,1496,24,1493.58,0
11300,Y,799,13,798,20,797,25,800,13,801,20,802,25,800.04,0
11300,Z,2996,10,2995,15,2994,21,2998,10,2999,15,3000,21,2997.12,0
11300,PRODUCT_C,14193,20,14192,21,14191,14,14196,20,14197,21,14198,14,14195.28,0
11300,PRODUCT_D,10010,25,10009,14,10008,13,10013,25,10014,14,10015,13,10012.36,0
11300,PRODUCT_D_OPTION,367,12,366,15,365,13,369,12,370,15,371,13,368.78,0
11300,PRODUCT_E,2035,14,2034,19,2033,8,2037,14,2038,19,2039,8,2036.08,0
11400,PRODUCT_A,10004,10,10003,20,10002,5,10006,10,10007,20,10008,5,10005.17,0
11400,PRODUCT_B,4979,15,4978,20,4977,20,4981,15,4982,20,4983,20,4980.7,0
11400,X,1494,10,1493,10,1492,7,1495,10,1496,10,1497,7,1495.36,0
11400,Y,797,29,796,18,795,26,798,29,799,18,800,26,798.0,0
11400,Z,2996,14,2995,8,2994,19,2998,14,2999,8,3000,19,2997.71,0
11400,PRODUCT_C,14198,15,14197,25,14196,26,14201,15,14202,25,14203,26,14200.25,0
11400,PRODUCT_D,10012,22,10011,10,10010,11,10015,22,10016,10,10017,11,10013.58,0
11400,PRODUCT_D_OPTION,406,8,405,12,404,11,408,8,409,12,410,11,407.57,0
11400,PRODUCT_E,2034,14,2033,14,2032,15,2036,14,2037,14,2038,15,2035.91,0
11500,PRODUCT_A,9995,20,9994,8,9993,14,9997,20,9998,8,9999,14,9996.83,0
11500,PRODUCT_B,4982,11,4981,9,4980,15,4984,11,4985,9,4986,15,4983.7,0
11500,X,1494,10,1493,11,1492,29,1495,10,1496,11,1497,29,1495.46,0
11500,Y,795,17,794,30,793,10,796,17,797,30,798,10,796.45,0
11500,Z,2996,10,2995,24,2994,10,2998,10,2999,24,3000,10,2997.98,0
11500,PRODUCT_C,14166,15,14165,21,14164,20,14169,15,14170,21,14171,20,14167.59,0
11500,PRODUCT_D,10011,25,10010,24,10009,18,10014,25,10015,24,10016,18,10013.25,0
11500,PRODUCT_D_OPTION,424,13,423,12,422,13,426,13,427,12,428,13,425.37,0
11500,PRODUCT_E,2038,20,2037,14,2036,16,2040,20,2041,14,2042,16,2039.32,0
11600,PRODUCT_A,9997,9,9996,14,9995,15,9999,9,10000,14,10001,15,9998.72,0
11600,PRODUCT_B,4985,16,4984,15,4983,19,4987,16,4988,15,4989,19,4986.13,0
11600,X,1493,14,1492,18,1491,23,1494,14,1495,18,1496,23,1494.0,0
11600,Y,795,17,794,29,793,18,796,17,797,29,798,18,796.23,0
11600,Z,2996,5,2995,17,2994,6,2998,5,2999,17,3000,6,2997.38,0
11600,PRODUCT_C,14126,18,14125,16,14124,25,14129,18,14130,16,14131,25,14127.82,0
11600,PRODUCT_D,10010,9,10009,19,10008,13,10013,9,10014,19,10015,13,10012.05,0
11600,PRODUCT_D_OPTION,403,5,402,11,401,11,405,5,406,11,407,11,404.69,0
11600,PRODUCT_E,2039,13,2038,14,2037,16,2041,13,2042,14,2043,16,2040.55,0
11700,PRODUCT_A,10003,5,10002,15,10001,18,10005,5,10006,15,10007,18,10004.09,0
11700,PRODUCT_B,4982,17,4981,15,4980,11,4984,17,4985,15,4986,11,4983.85,0
11700,X,1494,30,1493,11,1492,24,1495,30,1496,11,1497,24,1495.49,0
11700,Y,795,21,794,19,793,13,796,21,797,19,798,13,795.5,0
11700,Z,2999,8,2998,7,2997,12,3001,8,3002,7,3003,12,3000.13,0
11700,PRODUCT_C,14100,10,14099,15,14098,28,14103,10,14104,15,14105,28,14101.87,0
11700,PRODUCT_D,10012,20,10011,23,10010,20,10015,20,10016,23,10017,20,10013.6,0
11700,PRODUCT_D_OPTION,413,6,412,17,411,20,415,6,416,17,417,20,414.94,0
11700,PRODUCT_E,2038,12,2037,13,2036,17,2040,12,2041,13,2042,17,2039.63,0
11800,PRODUCT_A,9997,6,9996,8,9995,6,9999,6,10000,8,10001,6,9998.66,0
11800,PRODUCT_B,4985,15,4984,13,4983,16,4987,15,4988,13,4989,16,4986.36,0
11800,X,1493,19,1492,14,1491,8,1494,19,1495,14,1496,8,1494.46,0
11800,Y,795,20,794,9,793,28,796,20,797,9,798,28,795.94,0
11800,Z,3000,7,2999,15,2998,18,3002,7,3003,15,3004,18,3001.33,0
11800,PRODUCT_C,14087,9,14086,9,14085,23,14090,9,14091,9,14092,23,14088.64,0
11800,PRODUCT_D,10012,14,10011,23,10010,11,10015,14,10016,23,10017,11,10013.92,0
11800,PRODUCT_D_OPTION,380,7,379,19,378,12,382,7,383,19,384,12,381.75,0
11800,PRODUCT_E,2041,15,2040,13,2039,14,2043,15,2044,13,2045,14,2042.07,0
11900,PRODUCT_A,9997,5,9996,9,9995,7,9999,5,10000,9,10001,7,9998.91,0
11900,PRODUCT_B,4982,15,4981,16,4980,19,4984,15,4985,16,4986,19,4983.11,0
11900,X,1492,28,1491,11,1490,10,1493,28,1494,11,1495,10,1492.66,0
11900,Y,793,15,792,19,791,12,794,15,795,19,796,12,793.79,0
11900,Z,2999,19,2998,16,2997,15,3001,19,3002,16,3003,15,3000.62,0
11900,PRODUCT_C,14098,11,14097,26,14096,27,14101,11,14102,26,14103,27,14099.85,0
11900,PRODUCT_D,10013,13,10012,13,10011,24,10016,13,10017,13,10018,24,10015.32,0
11900,PRODUCT_D_OPTION,374,5,373,9,372,8,376,5,377,9,378,8,375.61,0
11900,PRODUCT_E,2043,18,2042,18,2041,17,2045,18,2046,18,2047,17,2044.86,0
12000,PRODUCT_A,9999,20,9998,6,9997,6,10001,20,10002,6,10003,6,10000.29,0
12000,PRODUCT_B,4980,16,4979,5,4978,18,4982,16,4983,5,4984,18,4981.48,0
12000,X,1490,6,1489,21,1488,30,1491,6,1492,21,1493,30,1490.93,0
12000,Y,791,15,790,30,789,22,792,15,793,30,794,22,792.46,0
12000,Z,3000,20,2999,14,2998,23,3002,20,3003,14,3004,23,3001.8,0
12000,PRODUCT_C,14064,15,14063,25,14062,7,14067,15,14068,25,14069,7,14065.51,0
12000,PRODUCT_D,10018,7,10017,23,10016,7,10021,7,10022,23,10023,7,10019.71,0
12000,PRODUCT_D_OPTION,380,8,379,10,378,7,382,8,383,10,384,7,381.42,0
12000,PRODUCT_E,2043,19,2042,11,2041,7,2045,19,2046,11,2047,7,2044.66,0
12100,PRODUCT_A,9995,18,9994,13,9993,19,9997,18,9998,13,9999,19,9996.28,0
12100,PRODUCT_B,4983,19,4982,9,4981,15,4985,19,4986,9,4987,15,4984.53,0
12100,X,1490,7,1489,10,1488,25,1491,7,1492,10,1493,25,1491.11,0
12100,Y,795,23,794,15,793,19,796,23,797,15,798,19,795.63,0
12100,Z,3000,21,2999,18,2998,5,3002,21,3003,18,3004,5,3001.52,0
12100,PRODUCT_C,14098,17,14097,23,14096,14,14101,17,14102,23,14103,14,14099.84,0
12100,PRODUCT_D,10021,5,10020,24,10019,17,10024,5,10025,24,10026,17,10023.47,0
12100,PRODUCT_D_OPTION,384,5,383,5,382,12,386,5,387,5,388,12,385.79,0
12100,PRODUCT_E,2042,15,2041,18,2040,9,2044,15,2045,18,2046,9,2043.37,0
12200,PRODUCT_A,9999,13,9998,12,9997,15,10001,13,10002,12,10003,15,10000.66,0
12200,PRODUCT_B,4979,19,4978,11,4977,16,4981,19,4982,11,4983,16,4980.05,0
12200,X,1492,27,1491,23,1490,9,1493,27,1494,23,1495,9,1493.01,0
12200,Y,793,11,792,29,791,9,794,11,795,29,796,9,794.37,0
12200,Z,2999,11,2998,14,2997,10,3001,11,3002,14,3003,10,3000.74,0
12200,PRODUCT_C,14129,8,14128,5,14127,22,14132,8,14133,5,14134,22,14131.19,0
12200,PRODUCT_D,10022,24,10021,6,10020,9,10025,24,10026,6,10027,9,10024.16,0
12200,PRODUCT_D_OPTION,380,16,379,7,378,15,382,16,383,7,384,15,381.08,0
12200,PRODUCT_E,2040,15,2039,12,2038,11,2042,15,2043,12,2044,11,2041.19,0
12300,PRODUCT_A,9995,11,9994,14,9993,10,9997,11,9998,14,9999,10,9996.37,0
12300,PRODUCT_B,4980,18,4979,13,4978,12,4982,18,4983,13,4984,12,4981.2,0
12300,X,1492,11,1491,29,1490,16,1493,11,1494,29,1495,16,1493.09,0
12300,Y,793,5,792,9,791,19,794,5,795,9,796,19,793.73,0
12300,Z,2999,8,2998,17,2997,5,3001,8,3002,17,3003,5,3000.13,0
12300,PRODUCT_C,14106,19,14105,28,14104,28,14109,19,14110,28,14111,28,14107.67,0
12300,PRODUCT_D,10023,11,10022,17,10021,6,10026,11,10027,17,10028,6,10024.84,0
12300,PRODUCT_D_OPTION,356,19,355,19,354,17,358,19,359,19,360,17,357.99,0
12300,PRODUCT_E,2034,11,2033,11,2032,17,2036,11,2037,11,2038,17,2035.51,0
12400,PRODUCT_A,10001,8,10000,7,9999,10,10003,8,10004,7,10005,10,10002.66,0
12400,PRODUCT_B,4977,8,4976,10,4975,11,4979,8,4980,10,4981,11,4978.7,0
12400,X,1494,8,1493,20,1492,28,1495,8,1496,20,1497,28,1494.93,0
12400,Y,792,24,791,16,790,28,793,24,794,16,795,28,793.46,0
12400,Z,3000,15,2999,18,2998,11,3002,15,3003,18,3004,11,3001.91,0
12400,PRODUCT_C,14153,11,14152,7,14151,30,14156,11,14157,7,14158,30,14155.06,0
12400,PRODUCT_D,10025,21,10024,16,10023,20,10028,21,10029,16,10030,20,10027.06,0
12400,PRODUCT_D_OPTION,367,13,366,8,365,19,369,13,370,8,371,19,368.73,0
12400,PRODUCT_E,2039,5,2038,5,2037,17,2041,5,2042,5,2043,17,2040.17,0
12500,PRODUCT_A,9999,18,9998,17,9997,8,10001,18,10002,17,10003,8,10000.01,0
12500,PRODUCT_B,4977,16,4976,16,4975,14,4979,16,4980,16,4981,14,4978.41,0
12500,X,1494,7,1493,18,1492,25,1495,7,1496,18,1497,25,1495.06,0
12500,Y,792,14,791,12,790,27,793,14,794,12,795,27,793.04,0
12500,Z,3000,7,2999,25,2998,25,3002,7,3003,25,3004,25,3001.07,0
12500,PRODUCT_C,14164,30,14163,17,14162,20,14167,30,14168,17,14169,20,14165.8,0
12500,PRODUCT_D,10028,5,10027,13,10026,25,10031,5,10032,13,10033,25,10029.62,0
12500,PRODUCT_D_OPTION,381,15,380,6,379,9,383,15,384,6,385,9,382.66,0
12500,PRODUCT_E,2037,12,2036,10,2035,5,2039,12,2040,10,2041,5,2038.04,0
12600,PRODUCT_A,10005,9,10004,9,10003,9,10007,9,10008,9,10009,9,10006.85,0
12600,PRODUCT_B,4977,20,4976,6,4975,6,4979,20,4980,6,4981,6,4978.05,0
12600,X,1493,24,1492,30,1491,11,1494,24,1495,30,1496,11,1494.42,0
12600,Y,794,28,793,26,792,14,795,28,796,26,797,14,794.85,0
12600,Z,2999,16,2998,24,2997,18,3001,16,3002,24,3003,18,3000.96,0
12600,PRODUCT_C,14183,10,14182,18,14181,10,14186,10,14187,18,14188,10,14184.71,0
12600,PRODUCT_D,10027,10,10026,21,10025,9,10030,10,10031,21,10032,9,10028.9,0
12600,PRODUCT_D_OPTION,364,10,363,16,362,8,366,10,367,16,368,8,365.43,0
12600,PRODUCT_E,2033,10,2032,5,2031,20,2035,10,2036,5,2037,20,2034.56,0
12700,PRODUCT_A,9999,11,9998,14,9997,17,10001,11,10002,14,10003,17,10000.84,0
12700,PRODUCT_B,4980,16,4979,13,4978,15,4982,16,4983,13,4984,15,4981.44,0
12700,X,1498,5,1497,30,1496,5,1499,5,1500,30,1501,5,1498.51,0
12700,Y,793,15,792,5,791,20,794,15,795,5,796,20,794.0,0
12700,Z,3001,6,3000,9,2999,18,3003,6,3004,9,3005,18,3002.49,0
12700,PRODUCT_C,14189,6,14188,22,14187,17,14192,6,14193,22,14194,17,14190.68,0
12700,PRODUCT_D,10024,24,10023,21,10022,10,10027,24,10028,21,10029,10,10026.45,0
12700,PRODUCT_D_OPTION,362,10,361,8,360,5,364,10,365,8,366,5,363.28,0
12700,PRODUCT_E,2031,16,2030,12,2029,7,2033,16,2034,12,2035,7,2032.01,0
12800,PRODUCT_A,10003,18,10002,7,10001,8,10005,18,10006,7,10007,8,10004.1,0
12800,PRODUCT_B,4978,20,4977,19,4976,18,4980,20,4981,19,4982,18,4979.82,0
12800,X,1500,22,1499,19,1498,9,1501,22,1502,19,1503,9,1501.24,0
12800,Y,794,24,793,30,792,25,795,24,796,30,797,25,795.28,0
12800,Z,3001,5,3000,14,2999,20,3003,5,3004,14,3005,20,3002.95,0
12800,PRODUCT_C,14210,20,14209,13,14208,9,14213,20,14214,13,14215,9,14211.68,0
12800,PRODUCT_D,10026,15,10025,22,10024,16,10029,15,10030,22,10031,16,10028.18,0
12800,PRODUCT_D_OPTION,374,8,373,20,372,20,376,8,377,20,378,20,375.19,0
12800,PRODUCT_E,2027,11,2026,9,2025,12,2029,11,2030,9,2031,12,2028.6,0
12900,PRODUCT_A,9995,9,9994,9,9993,12,9997,9,9998,9,9999,12,9996.09,0
12900,PRODUCT_B,4978,7,4977,8,4976,17,4980,7,4981,8,4982,17,4979.68,0
12900,X,1501,14,1500,24,1499,8,1502,14,1503,24,1504,8,1501.53,0
12900,Y,793,12,792,12,791,13,794,12,795,12,796,13,794.0,0
12900,Z,3002,10,3001,14,3000,15,3004,10,3005,14,3006,15,3003.31,0
12900,PRODUCT_C,14164,27,14163,19,14162,26,14167,27,14168,19,14169,26,14165.89,0
12900,PRODUCT_D,10027,23,10026,21,10025,21,10030,23,10031,21,10032,21,10028.63,0
12900,PRODUCT_D_OPTION,384,13,383,9,382,15,386,13,387,9,388,15,385.68,0
12900,PRODUCT_E,2030,18,2029,16,2028,9,2032,18,2033,16,2034,9,2031.93,0
13000,PRODUCT_A,9998,6,9997,17,9996,6,10000,6,10001,17,10002,6,9999.63,0
13000,PRODUCT_B,4979,11,4978,10,4977,5,4981,11,4982,10,4983,5,4980.94,0
13000,X,1499,9,1498,25,1497,6,1500,9,1501,25,1502,6,1500.28,0
13000,Y,794,30,793,12,792,10,795,30,796,12,797,10,795.15,0
13000,Z,3001,17,3000,15,2999,5,3003,17,3004,15,3005,5,3002.31,0
13000,PRODUCT_C,14130,23,14129,20,14128,20,14133,23,14134,20,14135,20,14132.07,0
13000,PRODUCT_D,10028,16,10027,11,10026,25,10031,16,10032,11,10033,25,10029.85,0
13000,PRODUCT_D_OPTION,391,17,390,19,389,11,393,17,394,19,395,11,392.74,0
13000,PRODUCT_E,2030,19,2029,13,2028,19,2032,19,2033,13,2034,19,2031.67,0
13100,PRODUCT_A,9999,8,9998,13,9997,15,10001,8,10002,13,10003,15,10000.97,0
13100,PRODUCT_B,4979,15,4978,10,4977,13,4981,15,4982,10,4983,13,4980.43,0
13100,X,1497,15,1496,30,1495,20,1498,15,1499,30,1500,20,1497.87,0
13100,Y,794,29,793,22,792,19,795,29,796,22,797,19,794.83,0
13100,Z,3004,8,3003,15,3002,21,3006,8,3007,15,3008,21,3005.81,0
13100,PRODUCT_C,14134,13,14133,7,14132,30,14137,13,14138,7,14139,30,14136.23,0
13100,PRODUCT_D,10029,16,10028,18,10027,25,10032,16,10033,18,10034,25,10030.94,0
13100,PRODUCT_D_OPTION,400,5,399,9,398,8,402,5,403,9,404,8,401.99,0
13100,PRODUCT_E,2027,12,2026,19,2025,8,2029,12,2030,19,2031,8,2028.74,0
13200,PRODUCT_A,10004,8,10003,14,10002,9,10006,8,10007,14,10008,9,10005.24,0
13200,PRODUCT_B,4977,16,4976,14,4975,19,4979,16,4980,14,4981,19,4978.79,0
13200,X,1497,18,1496,22,1495,7,1498,18,1499,22,1500,7,1498.47,0
13200,Y,794,21,793,10,792,17,795,21,796,10,797,17,794.57,0
13200,Z,3006,21,3005,11,3004,9,3008,21,3009,11,3010,9,3007.03,0
13200,PRODUCT_C,14173,26,14172,12,14171,29,14176,26,14177,12,14178,29,14175.07,0
13200,PRODUCT_D,10028,5,10027,11,10026,16,10031,5,10032,11,10033,16,10029.54,0
13200,PRODUCT_D_OPTION,411,9,410,6,409,16,413,9,414,6,415,16,412.26,0
13200,PRODUCT_E,2025,12,2024,10,2023,16,2027,12,2028,10,2029,16,2026.32,0
13300,PRODUCT_A,9993,10,9992,8,9991,10,9995,10,9996,8,9997,10,9994.96,0
13300,PRODUCT_B,4977,12,4976,9,4975,18,4979,12,4980,9,4981,18,4978.67,0
13300,X,1497,11,1496,13,1495,6,1498,11,1499,13,1500,6,1498.09,0
13300,Y,793,17,792,14,791,17,794,17,795,14,796,17,794.44,0
13300,Z,3002,21,3001,18,3000,20,3004,21,3005,18,3006,20,3003.48,0
13300,PRODUCT_C,14155,19,14154,15,14153,9,14158,19,14159,15,14160,9,14157.3,0
13300,PRODUCT_D,10027,14,10026,5,10025,7,10030,14,10031,5,10032,7,10028.52,0
13300,PRODUCT_D_OPTION,423,13,422,14,421,11,425,13,426,14,427,11,424.69,0
13300,PRODUCT_E,2022,7,2021,6,2020,18,2024,7,2025,6,2026,18,2023.32,0
13400,PRODUCT_A,10001,9,10000,9,9999,20,10003,9,10004,9,10005,20,10002.97,0
13400,PRODUCT_B,4977,10,4976,12,4975,17,4979,10,4980,12,4981,17,4978.86,0
13400,X,1498,30,1497,10,1496,25,1499,30,1500,10,1501,25,1498.79,0
13400,Y,794,18,793,17,792,23,795,18,796,17,797,23,795.26,0
13400,Z,3004,11,3003,12,3002,16,3006,11,3007,12,3008,16,3005.44,0
13400,PRODUCT_C,14184,7,14183,12,14182,13,14187,7,14188,12,14189,13,14185.61,0
13400,PRODUCT_D,10029,9,10028,17,10027,8,10032,9,10033,17,10034,8,10030.66,0
13400,PRODUCT_D_OPTION,430,9,429,11,428,19,432,9,433,11,434,19,431.94,0
13400,PRODUCT_E,2025,9,2024,13,2023,15,2027,9,2028,13,2029,15,2026.7,0
13500,PRODUCT_A,10000,5,9999,8,9998,14,10002,5,10003,8,10004,14,10001.77,0
13500,PRODUCT_B,4979,8,4978,20,4977,12,4981,8,4982,20,4983,12,4980.63,0
13500,X,1498,26,1497,19,1496,14,1499,26,1500,19,1501,14,1499.28,0
13500,Y,792,8,791,22,790,28,793,8,794,22,795,28,793.47,0
13500,Z,3002,24,3001,19,3000,9,3004,24,3005,19,3006,9,3003.51,0
13500,PRODUCT_C,14160,7,14159,29,14158,28,14163,7,14164,29,14165,28,14162.3,0
13500,PRODUCT_D,10028,15,10027,13,10026,6,10031,15,10032,13,10033,6,10030.34,0
13500,PRODUCT_D_OPTION,414,17,413,13,412,8,416,17,417,13,418,8,415.79,0
13500,PRODUCT_E,2021,19,2020,18,2019,10,2023,19,2024,18,2025,10,2022.41,0
13600,PRODUCT_A,10003,20,10002,14,10001,12,10005,20,10006,14,10007,12,10004.6,0
13600,PRODUCT_B,4977,8,4976,7,4975,16,4979,8,4980,7,4981,16,4978.74,0
13600,X,1499,12,1498,26,1497,20,1500,12,1501,26,1502,20,1499.93,0
13600,Y,791,27,790,18,789,18,792,27,793,18,794,18,792.02,0
13600,Z,3000,6,2999,25,2998,8,3002,6,3003,25,3004,8,3001.45,0
13600,PRODUCT_C,14119,29,14118,13,14117,28,14122,29,14123,13,14124,28,14120.73,0
13600,PRODUCT_D,10027,13,10026,13,10025,25,10030,13,10031,13,10032,25,10028.78,0
13600,PRODUCT_D_OPTION,417,15,416,18,415,13,419,15,420,18,421,13,418.61,0
13600,PRODUCT_E,2021,16,2020,7,2019,5,2023,16,2024,7,2025,5,2022.66,0
13700,PRODUCT_A,10001,8,10000,20,9999,12,10003,8,10004,20,10005,12,10002.14,0
13700,PRODUCT_B,4976,20,4975,12,4974,18,4978,20,4979,12,4980,18,4977.84,0
13700,X,1501,26,1500,13,1499,8,1502,26,1503,13,1504,8,1501.64,0
13700,Y,794,29,793,27,792,20,795,29,796,27,797,20,795.07,0
13700,Z,2999,22,2998,24,2997,23,3001,22,3002,24,3003,23,3000.4,0
13700,PRODUCT_C,14145,17,14144,24,14143,21,14148,17,14149,24,14150,21,14146.63,0
13700,PRODUCT_D,10026,17,10025,6,10024,24,10029,17,10030,6,10031,24,10028.22,0
13700,PRODUCT_D_OPTION,398,8,397,8,396,8,400,8,401,8,402,8,399.4,0
13700,PRODUCT_E,2023,8,2022,12,2021,16,2025,8,2026,12,2027,16,2024.12,0
13800,PRODUCT_A,9999,18,9998,17,9997,6,10001,18,10002,17,10003,6,10000.16,0
13800,PRODUCT_B,4977,16,4976,19,4975,19,4979,16,4980,19,4981,19,4978.49,0
13800,X,1501,23,1500,21,1499,6,1502,23,1503,21,1504,6,1502.11,0
13800,Y,795,17,794,30,793,25,796,17,797,30,798,25,795.83,0
13800,Z,3001,18,3000,5,2999,11,3003,18,3004,5,3005,11,3002.29,0
13800,PRODUCT_C,14169,23,14168,10,14167,5,14172,23,14173,10,14174,5,14171.41,0
13800,PRODUCT_D,10027,25,10026,15,10025,8,10030,25,10031,15,10032,8,10029.02,0
13800,PRODUCT_D_OPTION,382,14,381,18,380,5,384,14,385,18,386,5,383.73,0
13800,PRODUCT_E,2024,19,2023,13,2022,16,2026,19,2027,13,2028,16,2025.23,0
13900,PRODUCT_A,9997,16,9996,16,9995,12,9999,16,10000,16,10001,12,9998.44,0
13900,PRODUCT_B,4977,13,4976,19,4975,6,4979,13,4980,19,4981,6,4978.15,0
13900,X,1500,15,1499,19,1498,27,1501,15,1502,19,1503,27,1501.03,0
13900,Y,794,25,793,13,792,29,795,25,796,13,797,29,795.29,0
13900,Z,3000,10,2999,11,2998,22,3002,10,3003,11,3004,22,3001.88,0
13900,PRODUCT_C,14133,29,14132,22,14131,25,14136,29,14137,22,14138,25,14135.29,0
13900,PRODUCT_D,10026,15,10025,17,10024,16,10029,15,10030,17,10031,16,10028.0,0
13900,PRODUCT_D_OPTION,387,10,386,20,385,7,389,10,390,20,391,7,388.31,0
13900,PRODUCT_E,2024,15,2023,16,2022,12,2026,15,2027,16,2028,12,2025.91,0
14000,PRODUCT_A,9995,15,9994,14,9993,8,9997,15,9998,14,9999,8,9996.26,0
14000,PRODUCT_B,4976,7,4975,17,4974,15,4978,7,4979,17,4980,15,4977.78,0
14000,X,1499,24,1498,20,1497,25,1500,24,1501,20,1502,25,1499.87,0
14000,Y,795,10,794,29,793,17,796,10,797,29,798,17,796.26,0
14000,Z,3001,11,3000,13,2999,20,3003,11,3004,13,3005,20,3002.2,0
14000,PRODUCT_C,14113,16,14112,15,14111,30,14116,16,14117,15,14118,30,14115.25,0
14000,PRODUCT_D,10029,19,10028,16,10027,10,10032,19,10033,16,10034,10,10031.47,0
14000,PRODUCT_D_OPTION,387,10,386,15,385,5,389,10,390,15,391,5,388.68,0
14000,PRODUCT_E,2024,8,2023,11,2022,14,2026,8,2027,11,2028,14,2025.49,0
14100,PRODUCT_A,9999,14,9998,10,9997,17,10001,14,10002,10,10003,17,10000.59,0
14100,PRODUCT_B,4976,7,4975,11,4974,7,4978,7,4979,11,4980,7,4977.75,0
14100,X,1500,7,1499,27,1498,24,1501,7,1502,27,1503,24,1500.75,0
14100,Y,795,26,794,17,793,13,796,26,797,17,798,13,796.17,0
14100,Z,2998,9,2997,15,2996,22,3000,9,3001,15,3002,22,2999.69,0
14100,PRODUCT_C,14098,16,14097,17,14096,9,14101,16,14102,17,14103,9,14100.29,0
14100,PRODUCT_D,10031,17,10030,8,10029,14,10034,17,10035,8,10036,14,10033.1,0
14100,PRODUCT_D_OPTION,371,7,370,15,369,12,373,7,374,15,375,12,372.01,0
14100,PRODUCT_E,2017,19,2016,6,2015,12,2019,19,2020,6,2021,12,2018.44,0
14200,PRODUCT_A,9998,9,9997,13,9996,5,10000,9,10001,13,10002,5,9999.42,0
14200,PRODUCT_B,4975,20,4974,12,4973,12,4977,20,4978,12,4979,12,4976.36,0
14200,X,1498,12,1497,12,1496,19,1499,12,1500,12,1501,19,1499.14,0
14200,Y,792,25,791,30,790,11,793,25,794,30,795,11,792.79,0
14200,Z,3000,9,2999,5,2998,14,3002,9,3003,5,3004,14,3001.31,0
14200,PRODUCT_C,14086,12,14085,5,14084,24,14089,12,14090,5,14091,24,14088.47,0
14200,PRODUCT_D,10028,20,10027,19,10026,18,10031,20,10032,19,10033,18,10030.12,0
14200,PRODUCT_D_OPTION,379,11,378,18,377,10,381,11,382,18,383,10,380.66,0
14200,PRODUCT_E,2017,17,2016,17,2015,13,2019,17,2020,17,2021,13,2018.39,0
14300,PRODUCT_A,10005,16,10004,13,10003,18,10007,16,10008,13,10009,18,10006.06,0
14300,PRODUCT_B,4973,16,4972,16,4971,12,4975,16,4976,16,4977,12,4974.76,0
14300,X,1499,15,1498,22,1497,16,1500,15,1501,22,1502,16,1500.22,0
14300,Y,792,7,791,27,790,9,793,7,794,27,795,9,793.03,0
14300,Z,2999,15,2998,12,2997,22,3001,15,3002,12,3003,22,3000.91,0
14300,PRODUCT_C,14037,23,14036,9,14035,8,14040,23,14041,9,14042,8,14039.45,0
14300,PRODUCT_D,10029,21,10028,20,10027,22,10032,21,10033,20,10034,22,10030.58,0
14300,PRODUCT_D_OPTION,360,15,359,8,358,12,362,15,363,8,364,12,362.0,0
14300,PRODUCT_E,2015,16,2014,12,2013,19,2017,16,2018,12,2019,19,2016.9,0
14400,PRODUCT_A,9997,13,9996,6,9995,19,9999,13,10000,6,10001,19,9998.17,0
14400,PRODUCT_B,4974,19,4973,20,4972,18,4976,19,4977,20,4978,18,4975.64,0
14400,X,1500,7,1499,10,1498,5,1501,7,1502,10,1503,5,1501.29,0
14400,Y,792,22,791,19,790,22,793,22,794,19,795,22,792.85,0
14400,Z,2997,25,2996,6,2995,16,2999,25,3000,6,3001,16,2998.97,0
14400,PRODUCT_C,14060,20,14059,27,14058,9,14063,20,14064,27,14065,9,14061.72,0
14400,PRODUCT_D,10032,7,10031,16,10030,7,10035,7,10036,16,10037,7,10033.72,0
14400,PRODUCT_D_OPTION,370,13,369,13,368,5,372,13,373,13,374,5,371.94,0
14400,PRODUCT_E,2011,20,2010,18,2009,9,2013,20,2014,18,2015,9,2012.94,0
14500,PRODUCT_A,9999,17,9998,11,9997,19,10001,17,10002,11,10003,19,10000.96,0
14500,PRODUCT_B,4972,14,4971,14,4970,15,4974,14,4975,14,4976,15,4973.45,0
14500,X,1500,12,1499,23,1498,30,1501,12,1502,23,1503,30,1501.22,0
14500,Y,792,21,791,18,790,9,793,21,794,18,795,9,793.37,0
14500,Z,2998,22,2997,23,2996,15,3000,22,3001,23,3002,15,2999.46,0
14500,PRODUCT_C,14082,5,14081,24,14080,6,14085,5,14086,24,14087,6,14083.5,0
14500,PRODUCT_D,10038,16,10037,23,10036,8,10041,16,10042,23,10043,8,10040.31,0
14500,PRODUCT_D_OPTION,343,7,342,7,341,18,345,7,346,7,347,18,344.8,0
14500,PRODUCT_E,2016,10,2015,11,2014,12,2018,10,2019,11,2020,12,2017.28,0
14600,PRODUCT_A,9994,10,9993,10,9992,5,9996,10,9997,10,9998,5,9995.29,0
14600,PRODUCT_B,4974,20,4973,8,4972,15,4976,20,4977,8,4978,15,4975.78,0
14600,X,1499,7,1498,8,1497,17,1500,7,1501,8,1502,17,1500.05,0
14600,Y,791,23,790,27,789,26,792,23,793,27,794,26,792.21,0
14600,Z,2999,17,2998,18,2997,17,3001,17,3002,18,3003,17,3000.19,0
14600,PRODUCT_C,14085,27,14084,20,14083,9,14088,27,14089,20,14090,9,14086.9,0
14600,PRODUCT_D,10037,15,10036,10,10035,8,10040,15,10041,10,10042,8,10039.37,0
14600,PRODUCT_D_OPTION,370,14,369,16,368,10,372,14,373,16,374,10,371.83,0
14600,PRODUCT_E,2020,18,2019,13,2018,20,2022,18,2023,13,2024,20,2021.05,0
14700,PRODUCT_A,9997,7,9996,10,9995,13,9999,7,10000,10,10001,13,9998.81,0
14700,PRODUCT_B,4975,17,4974,11,4973,12,4977,17,4978,11,4979,12,4976.22,0
14700,X,1496,16,1495,25,1494,25,1497,16,1498,25,1499,25,1497.39,0
14700,Y,791,7,790,15,789,19,792,7,793,15,794,19,791.88,0
14700,Z,2999,8,2998,21,2997,13,3001,8,3002,21,3003,13,3000.32,0
14700,PRODUCT_C,14055,5,14054,24,14053,6,14058,5,14059,24,14060,6,14056.57,0
14700,PRODUCT_D,10037,22,10036,6,10035,16,10040,22,10041,6,10042,16,10039.42,0
14700,PRODUCT_D_OPTION,378,8,377,10,376,5,380,8,381,10,382,5,379.98,0
14700,PRODUCT_E,2018,5,2017,5,2016,15,2020,5,2021,5,2022,15,2019.93,0
14800,PRODUCT_A,9999,17,9998,14,9997,5,10001,17,10002,14,10003,5,10000.78,0
14800,PRODUCT_B,4972,16,4971,7,4970,10,4974,16,4975,7,4976,10,4973.66,0
14800,X,1495,11,1494,25,1493,24,1496,11,1497,25,1498,24,1495.7,0
14800,Y,793,20,792,10,791,22,794,20,795,10,796,22,793.59,0
14800,Z,3001,11,3000,16,2999,8,3003,11,3004,16,3005,8,3002.26,0
14800,PRODUCT_C,14078,26,14077,9,14076,24,14081,26,14082,9,14083,24,14079.7,0
14800,PRODUCT_D,10035,16,10034,23,10033,10,10038,16,10039,23,10040,10,10036.7,0
14800,PRODUCT_D_OPTION,384,19,383,10,382,9,386,19,387,10,388,9,385.54,0
14800,PRODUCT_E,2020,19,2019,5,2018,6,2022,19,2023,5,2024,6,2021.01,0
14900,PRODUCT_A,10001,8,10000,14,9999,14,10003,8,10004,14,10005,14,10002.47,0
14900,PRODUCT_B,4973,8,4972,16,4971,10,4975,8,4976,16,4977,10,4974.23,0
14900,X,1492,23,1491,21,1490,10,1493,23,1494,21,1495,10,1493.26,0
14900,Y,792,8,791,20,790,11,793,8,794,20,795,11,793.37,0
14900,Z,3002,24,3001,9,3000,24,3004,24,3005,9,3006,24,3003.13,0
14900,PRODUCT_C,14028,15,14027,19,14026,26,14031,15,14032,19,14033,26,14030.02,0
14900,PRODUCT_D,10036,22,10035,17,10034,19,10039,22,10040,17,10041,19,10037.82,0
14900,PRODUCT_D_OPTION,382,8,381,7,380,15,384,8,385,7,386,15,383.27,0
14900,PRODUCT_E,2020,12,2019,16,2018,9,2022,12,2023,16,2024,9,2021.02,0
15000,PRODUCT_A,10003,12,10002,20,10001,11,10005,12,10006,20,10007,11,10004.34,0
15000,PRODUCT_B,4973,17,4972,6,4971,16,4975,17,4976,6,4977,16,4974.56,0
15000,X,1492,6,1491,20,1490,30,1493,6,1494,20,1495,30,1493.3,0
15000,Y,792,26,791,27,790,29,793,26,794,27,795,29,792.72,0
15000,Z,3004,23,3003,8,3002,21,3006,23,3007,8,3008,21,3005.39,0
15000,PRODUCT_C,14005,7,14004,26,14003,25,14008,7,14009,26,14010,25,14006.76,0
15000,PRODUCT_D,10037,15,10036,21,10035,23,10040,15,10041,21,10042,23,10038.77,0
15000,PRODUCT_D_OPTION,351,17,350,11,349,14,353,17,354,11,355,14,352.87,0
15000,PRODUCT_E,2014,15,2013,9,2012,19,2016,15,2017,9,2018,19,2015.35,0
15100,PRODUCT_A,9998,11,9997,14,9996,18,10000,11,10001,14,10002,18,9999.87,0
15100,PRODUCT_B,4975,17,4974,18,4973,17,4977,17,4978,18,4979,17,4976.09,0
15100,X,1492,7,1491,20,1490,5,1493,7,1494,20,1495,5,1492.64,0
15100,Y,792,20,791,8,790,15,793,20,794,8,795,15,793.27,0
15100,Z,3004,22,3003,20,3002,24,3006,22,3007,20,3008,24,3005.3,0
15100,PRODUCT_C,14048,17,14047,14,14046,20,14051,17,14052,14,14053,20,14050.09,0
15100,PRODUCT_D,10037,14,10036,6,10035,21,10040,14,10041,6,10042,21,10039.34,0
15100,PRODUCT_D_OPTION,315,6,314,11,313,7,317,6,318,11,319,7,316.9,0
15100,PRODUCT_E,2013,14,2012,10,2011,15,2015,14,2016,10,2017,15,2014.06,0
15200,PRODUCT_A,9995,6,9994,5,9993,6,9997,6,9998,5,9999,6,9996.65,0
15200,PRODUCT_B,4977,14,4976,17,4975,11,4979,14,4980,17,4981,11,4978.4,0
15200,X,1490,16,1489,22,1488,6,1491,16,1492,22,1493,6,1491.26,0
15200,Y,792,26,791,18,790,28,793,26,794,18,795,28,792.68,0
15200,Z,3004,21,3003,21,3002,10,3006,21,3007,21,3008,10,3005.47,0
15200,PRODUCT_C,13993,21,13992,16,13991,26,13996,21,13997,16,13998,26,13994.57,0
15200,PRODUCT_D,10035,6,10034,11,10033,8,10038,6,10039,11,10040,8,10037.17,0
15200,PRODUCT_D_OPTION,316,19,315,10,314,12,318,19,319,10,320,12,317.56,0
15200,PRODUCT_E,2015,15,2014,7,2013,11,2017,15,2018,7,2019,11,2016.67,0
15300,PRODUCT_A,10000,20,9999,11,9998,5,10002,20,10003,11,10004,5,10001.37,0
15300,PRODUCT_B,4976,6,4975,17,4974,11,4978,6,4979,17,4980,11,4977.67,0
15300,X,1492,27,1491,8,1490,14,1493,27,1494,8,1495,14,1492.57,0
15300,Y,793,5,792,12,791,26,794,5,795,12,796,26,794.28,0
15300,Z,3005,15,3004,10,3003,17,3007,15,3008,10,3009,17,3006.77,0
15300,PRODUCT_C,13994,12,13993,16,13992,17,13997,12,13998,16,13999,17,13996.13,0
15300,PRODUCT_D,10037,6,10036,9,10035,9,10040,6,10041,9,10042,9,10038.73,0
15300,PRODUCT_D_OPTION,309,12,308,13,307,18,311,12,312,13,313,18,310.87,0
15300,PRODUCT_E,2015,14,2014,11,2013,13,2017,14,2018,11,2019,13,2016.34,0
15400,PRODUCT_A,10000,18,9999,5,9998,18,10002,18,10003,5,10004,18,10001.55,0
15400,PRODUCT_B,4975,18,4974,17,4973,13,4977,18,4978,17,4979,13,4976.26,0
15400,X,1492,11,1491,29,1490,20,1493,11,1494,29,1495,20,1492.76,0
15400,Y,793,13,792,24,791,5,794,13,795,24,796,5,794.02,0
15400,Z,3007,25,3006,17,3005,6,3009,25,3010,17,3011,6,3008.5,0
15400,PRODUCT_C,13985,27,13984,29,13983,19,13988,27,13989,29,13990,19,13986.62,0
15400,PRODUCT_D,10040,9,10039,12,10038,7,10043,9,10044,12,10045,7,10042.39,0
15400,PRODUCT_D_OPTION,318,8,317,8,316,10,320,8,321,8,322,10,319.93,0
15400,PRODUCT_E,2012,20,2011,7,2010,10,2014,20,2015,7,2016,10,2013.34,0
15500,PRODUCT_A,10000,15,9999,10,9998,13,10002,15,10003,10,10004,13,10001.47,0
15500,PRODUCT_B,4974,17,4973,14,4972,14,4976,17,4977,14,4978,14,4975.04,0
15500,X,1492,14,1491,23,1490,13,1493,14,1494,23,1495,13,1492.83,0
15500,Y,794,8,793,29,792,8,795,8,796,29,797,8,794.56,0
15500,Z,3007,17,3006,11,3005,7,3009,17,3010,11,3011,7,3008.0,0
15500,PRODUCT_C,14027,22,14026,20,14025,11,14030,22,14031,20,14032,11,14029.37,0
15500,PRODUCT_D,10043,9,10042,21,10041,6,10046,9,10047,21,10048,6,10045.11,0
15500,PRODUCT_D_OPTION,341,20,340,20,339,8,343,20,344,20,345,8,342.43,0
15500,PRODUCT_E,2015,8,2014,12,2013,6,2017,8,2018,12,2019,6,2016.74,0
15600,PRODUCT_A,9996,17,9995,10,9994,7,9998,17,9999,10,10000,7,9997.9,0
15600,PRODUCT_B,4972,7,4971,12,4970,18,4974,7,4975,12,4976,18,4973.08,0
15600,X,1493,24,1492,16,1491,19,1494,24,1495,16,1496,19,1493.67,0
15600,Y,793,28,792,9,791,19,794,28,795,9,796,19,793.51,0
15600,Z,3009,24,3008,6,3007,21,3011,24,3012,6,3013,21,3010.83,0
